4694 5832
1025 469 1247 550 -oc-

289 670 407 741 tacerct‚
429 673 545 746 reperta
569 663 665 726 estin
689 663 763 724 libro
786 664 986 744 manuscripto
1008 661 1074 724 lllll
1095 664 1204 726 saeculi
1225 664 1362 747 Epitome
1384 665 1449 727 libri
1473 665 1549 748 περὶ
1573 661 1765 751 συνηθείας,
1790 686 1900 730 nomen
1921 669 1983 750 Ζη-

250 780 252 784 ”
288 775 434 861 νοδαίρου
456 785 556 859 aperte
578 776 608 838 in
631 776 731 839 lronte
751 792 857 856 gerens
879 775 929 849 ita,
953 787 985 838 ut
1007 776 1043 836 de
1065 776 1188 838 nomine
1210 777 1291 839 nulla
1312 777 1407 840 adbuc
1428 797 1493 840 esse
1507 779 1602 858 possit
1616 780 1748 860 quaestio
1769 790 1820 842 aut
1834 780 1982 842 dubitatio

290 892 365 967 (ride
392 889 495 962 Miller,
522 889 655 968 melange
681 888 717 950 de
747 889 911 950 litterature
938 905 1077 968 meoque,
1109 888 1190 951 Paris
1222 887 1302 952 1868
1330 909 1356 970 ρ.
1375 887 1435 952 388
1449 908 1491 970 sq.
1521 897 1551 952 et
1580 910 1607 972 p.
1632 891 1822 970 405-412).
1869 893 1926 954 Sed
1950 912 1983 956 ea

289 1003 435 1085 Epitome
465 1019 540 1084 quae
562 1001 699 1063 inventur
720 1001 752 1062 in
768 1001 919 1063 blarciano
931 999 1003 1075 386,
1031 1019 1208 1082 quamquam
1233 1002 1326 1068 maior
1348 1020 1415 1082 pars
1439 1001 1501 1063 eius
1524 1003 1680 1078 interierit,
1708 1004 1849 1068 abscissis
1871 1005 1982 1068 ultimis

291 1115 400 1179 codicis
428 1115 515 1188 loliis,
544 1115 707 1177 accuratior
735 1123 765 1176 et
797 1114 921 1194 amplior
943 1113 989 1175 illa
1011 1112 1115 1176 iliberi
1139 1124 1198 1190 est;
1232 1133 1323 1196 quare
1351 1131 1413 1176 non
1443 1115 1592 1194 ingratum
1625 1135 1673 1178 me
1702 1116 1804 1180 multis
1834 1117 1981 1180 facturum

289 1246 384 1310 spero,
407 1228 431 1290 si
455 1229 512 1290 boc
535 1227 606 1289 mibi
630 1237 796 1290 extremum
819 1227 1010 1306 constituam,
1034 1236 1066 1289 ut
1088 1227 1226 1309 reliquias
1250 1228 1314 1291 eius
1336 1247 1371 1290 ex
1393 1227 1433 1288 ll⁰
1455 1227 1630 1292 auctoritate
1653 1229 1709 1292 boo
1730 1231 1794 1294 loro
1816 1231 1984 1311 publicem:

678 1419 913 1508 Ζηνοδώρου
934 1424 1010 1487 τῶν
1032 1422 1123 1506 περί
1146 1426 1372 1509 συνηθείας
1394 1421 1581 1510 ίπιτομή.

505 1536 562 1614 (Ex
583 1535 620 1598 lt.
643 1537 677 1598 ll.
700 1537 803 1612 Miller,
828 1537 976 1618 mclanges
999 1538 1035 1599 de
1057 1537 1223 1602 litte'rature
1245 1538 1387 1620 Grecque.
1430 1540 1513 1603 Paris
1537 1539 1619 1604 1868
1642 1561 1670 1622 ρ.
1687 1540 1773 1617 407.)

373 1672 523 1752 Ἑστία,
546 1675 629 1739 κατά
652 1675 713 1758 μὲν
734 1675 793 1762 τήν
814 1673 998 1761 συνήθειαν
1019 1672 1039 1761 ή
1062 1677 1136 1739 κατ’
1160 1679 1252 1741 οίκον
1273 1673 1410 1762 ἐσχάρα·
1433 1678 1518 1741 καθ’
1532 1673 1679 1764 Ὅμηρον
1700 1677 1738 1743 δὲ
1760 1675 1778 1743 ὁ
1801 1679 1904 1753 οίκος·
1926 1676 1985 1743 τόν

290 1789 352 1874 γὰρ
373 1788 418 1872 μή
442 1785 694 1873 οἰκοδεσπότην,
717 1785 888 1874 ἀφρήτορα
911 1789 966 1852 καί
988 1784 1139 1854 ἀνέστιον
1161 1787 1304 1854 ἐκάλεσε.

375 1899 535 1981 Βωμὸς,
560 1897 713 1986 συνήθως
734 1900 796 1982 μὲν
817 1900 873 1986 ἐφ’
897 1894 937 1966 αὖ
958 1899 1155 1980 έπιθόουσι,
1180 1903 1266 1984 παρ’
1285 1896 1414 1989 Ὁμήρῳ
1443 1902 1481 1967 δὲ
1501 1905 1653 1968 τέθειται
1681 1903 1737 1968 καί
1763 1903 1822 1968 έπὶ
1844 1904 1902 1988 τῆς
1922 1900 1984 1987 βά-

291 2032 385 2090 σεως,
409 2009 479 2076 ἀπὸ
502 2017 561 2078 τοῦ
584 2015 769 2096 βεβηκέναι.

371 2122 482 2202 Ἠώς,
504 2123 708 2209 λαμβάνεται
730 2127 814 2209 παρ’
833 2122 962 2211 Ὁμήρῳ
985 2126 1040 2188 καὶ
1063 2125 1121 2191 ἐπὶ
1142 2127 1198 2212 τῆς
1220 2129 1408 2213 σωματικῆς
1423 2127 1597 2212 δαίμονος·
1619 2130 1739 2213 τίθησι
1760 2127 1798 2193 δὲ
1812 2123 1914 2212 αι’ντῆν
1927 2127 1984 2191 καί

290 2237 349 2302 ἐπὶ
371 2240 429 2302 τοῦ
452 2236 675 2323 διαστήματος
695 2240 754 2302 τοῦ
777 2234 845 2302 ἀπὸ
868 2234 1029 2324 ἀνατολῆς
1050 2243 1146 2324 μέχρι
1169 2243 1389 2324 μεσημβρίας·
1413 2245 1567 2326 σημαίνει
1591 2240 1706 2304 δὲκαὶ
1735 2239 1794 2326 τήν
1823 2237 1986 2326 δρθρικήν

292 2345 401 2434 ὥραν·
426 2347 527 2435 ὂχάρ
550 2347 643 2435 ήμετς
665 2349 817 2434 λυκόφως
838 2349 987 2434 λέγομεν,
1019 2350 1102 2430 λέγω
1122 2349 1162 2436 δή
1193 2351 1251 2416 τόν
1280 2352 1345 2436 πρὸ
1374 2355 1431 2438 τῆς
1458 2347 1617 2439 ἀνατολῆς
1643 2353 1762 2438 χρόνον
1792 2352 1841 2417 ἔτι
1868 2357 1986 2436 μέρους

291 2463 381 2538 τινὸς
401 2461 616 2546 ἐπιμένοντος
638 2465 694 2547 τῆς
716 2463 843 2540 νυκτὸς,
868 2464 964 2528 τοῦτο
989 2459 1051 2547 ῆιίς
1073 2466 1201 2549 εἴρηται
1224 2489 1252 2528 κ.
1274 2487 1302 2528 τ.
1325 2463 1354 2529 λ.

729 2659 970 2745 Ζηνοδώρου
993 2662 1087 2748 περί
1109 2667 1334 2749 συνηθείας
1356 2661 1543 2748 λπιτομή,

660 2774 715 2851 (Er
736 2774 811 2837 libro
833 2773 978 2838 blarciauo
1001 2776 1111 2840 Graeco
1134 2777 1268 2842 suoru.
1291 2779 1350 2842 221
1375 2777 1402 2840 b.
1425 2797 1452 2838 r.
1478 2777 1626 2857 11-32.)

381 2911 449 2998 Τήν
472 2911 615 2977 ἑστίαν
636 2908 655 2997 ή
679 2912 844 2998 συνήθεια
866 2913 926 2994 μέν
946 2911 1084 2999 τίθησιν
1105 2917 1160 2980 καὶ
1184 2915 1218 2982 oi
1240 2914 1392 3002 nemarcos
1414 2911 1554 3001 ποιηταί
1580 2907 1640 2980 έπί
1665 2937 1700 2979 τε
1721 2915 1778 3000 τῆς
1799 2915 1986 2999 σωματικῆς

292 3025 451 3107 δαίμονος
473 3025 531 3090 καί
552 3026 610 3093 lul
632 3029 687 3114 τῆς
708 3026 791 3090 κατά
812 3026 868 3091 τόν
891 3029 982 3092 οίκον
1004 3027 1178 3114 λεγομένης
1200 3027 1354 3114 ἐσχάρας·
1377 3025 1396 3094 o‘
1417 3033 1531 3114 μέντοι
1560 3051 1596 3092 τε
1612 3024 1760 3113 Ὅμηρος
1788 3026 1846 3113 τήν
1874 3025 1988 3092 ἑστίαν

293 3135 366 3202 ἀντὶ
387 3141 450 3202 τοῦ
471 3141 565 3204 οἴκου
586 3143 737 3226 τίθησιν,
761 3134 804 3214 ω”ς
825 3157 930 3224 φησιν
948 3137 1137 3206 Ὀδυσσεία·

685 3249 776 3335 ἑστίη
796 3253 829 3314 τ’
847 3249 1024 3338 Ὀδυσσῆος
1046 3255 1113 3335 (011.
1133 3253 1269 3326 14159.
1293 3257 1405 3338 corrige
1422 3251 1602 3338 Ὀδυσῆος).

293 3363 364 3427 καί·

759 3479 873 3560 Τρῶας
894 3477 954 3561 μέν
975 3477 1141 3552 λέξασθαι
1162 3478 1312 3565 έφέστιοι
1336 3481 1515 3560 (112125)

296 3588 361 3653 Διό
384 3587 442 3652 τόν
463 3589 508 3672 μή
532 3585 774 3672 οἰκοδεσπότην
796 3585 948 3654 ἀνέστιον
969 3589 1156 3676 ἀφρήτορα·

776 3698 931 3787 ἀφρήτωρ
954 3700 1137 3786 ἀθέμιστος
1159 3700 1309 3780 ἀνέστιος
1331 3706 1375 3786 (11.
1393 3705 1422 3778 9,
1439 3705 1502 3786 63).

384 3813 449 3878 Τόν
476 3815 589 3897 μέντοι
611 3837 646 3878 τε
668 3813 805 3896 βωμόν
826 3814 1047 3900 διαλαμβάνει
1074 3821 1205 3900 κυρίως,
1237 3816 1295 3899 ἐφ’
1318 3811 1357 3881 οὗ
1380 3813 1582 3900 έπιθόομεν,
1606 3813 1727 3900 ὁμοίως
1748 3817 1787 3906 τῆ
1810 3819 1988 3901 συνηθείᾳ,

295 3923 528 4011 πληθυντικῶς
549 3925 627 4010 μὲν·

401 4035 496 4124 ῆμετς
518 4039 551 4103 δ’
575 4035 659 4124 ἀμφὶ
685 4043 761 4124 περὶ
784 4036 907 4125 κρηνήν
929 4037 1036 4126 ίερυίνς
1058 4042 1135 4126 περὶ
1157 4041 1289 4125 βωμοιίς
1311 4043 1400 4120 (11.2,
1417 4043 1476 4106 305
1499 4043 1585 4123 vulgo
1607 4040 1688 4105 κατὰ
1714 4041 1868 4126 βωμοὺς).

295 4149 409 4226 ἑνικῶς
430 4151 482 4214 δὲ·

794 4265 853 4349 τήν
867 4265 927 4350 μέν
950 4264 1059 4330 ἔπειτ’
1082 4262 1140 4331 snt
1162 4266 1276 4349 βωμόν
1298 4268 1343 4345 (11.
1362 4271 1390 4340 1,
1405 4267 1490 4348 440).

299 4380 428 4462 Τίθησι
451 4375 565 4440 δὲκαὶ
589 4373 743 4450 ἐναντίως
764 4376 806 4467 τῆ
826 4381 992 4463 σννηθείᾳ
1014 4377 1072 4442 ἐπί
1095 4381 1151 4463 τῆς
1173 4377 1301 4460 βάσεως
1323 4377 1392 4444 ἀπό
1415 4381 1473 4443 τοῦ
1495 4379 1681 4462 βεβηκέναι,
1704 4373 1784 4443 ὅταν
1806 4377 1901 4464 λέχη·

580 4483 701 4572 ἅρματ’
724 4487 812 4574 ἀμφὶ
835 4493 982 4574 βωμοῖσι
1003 4495 1096 4556 τίθει
1120 4493 1163 4571 (11.
1181 4490 1210 4566 8,
1228 4493 1287 4554 441
1313 4494 1398 4573 vulgo
1421 4486 1553 4575 ἅρματα
1574 4489 1608 4554 δ’
1631 4487 1698 4573 ἀμ).

384 4601 452 4685 Τήν
473 4601 516 4664 to
540 4602 665 4682 (corrige
681 4598 741 4684 ήῶ)
757 4602 930 4684 πολλαχῶς
952 4604 1116 4688 λαμβάνει
1139 4600 1330 4688 όποιητής·
1353 4603 1408 4666 καί
1432 4601 1638 4687 πρῶτονμὲν
1653 4601 1711 4666 ἐπί
1726 4603 1782 4687 τῆς
1804 4603 1993 4688 σωματικῆς

295 4713 455 4797 δαίμονος
478 4709 556 4778 ὅταν
578 4713 669 4798 λέχη·

869 4827 952 4905 Ἠώς
974 4827 1008 4892 δ’
1031 4827 1067 4892 έκ
1089 4827 1209 4909 λεχέων
1231 4829 1407 4909 (01161).

296 4939 352 5002 καί
375 4938 492 5004 πάλιν·

604 5048 647 5127 oie
668 5051 728 5134 μέν
749 5047 789 5117 ὅτ
819 5049 961 5136 Ὠρίωνα
983 5051 1073 5118 ἕλετο
1096 5049 1337 5137 ῥοδοδάκτυλος
1355 5050 1440 5128 Ἠώς
1461 5054 1575 5135 (00.5,
1596 5055 1677 5136 121).

297 5166 367 5230 καί·

588 5272 664 5341 ἀλλ’
687 5274 759 5362 ῆτοι
788 5276 925 5342 Κλείτων
946 5273 1173 5363 χρυσόθρονος
1195 5273 1344 5362 ῆρπασεν
1361 5273 1445 5353 Ἠώς
1467 5279 1535 5360 (011.
1554 5281 1602 5352 16,
1618 5281 1702 5360 250).

350 5377 481 5422 otest-sm.
509 5381 568 5422 ιεεε.
1818 5385 1835 5438 4
