4694 5832
1057 393 1253 456 ..9-

303 589 552 680 Ιιμιλορώμαιον,
575 609 636 653 uon
657 585 916 674 φιλορρώμαιον.
937 621 979 633 -
1005 587 1042 650 19
1057 589 1299 670 παραπέμψας,
1325 606 1385 650 non
1402 589 1628 676 παρατρέψας.
1651 623 1693 633 --
1715 588 1755 651 26
1771 584 1925 672 ήπε1ρων,
1948 605 2010 649 non

310 706 494 790 ὑπωρειῶν.
517 740 557 750 -
580 702 621 766 22
644 702 889 786 συμφέρεσθαι,
913 719 972 764 nou
996 701 1263 784 προσφερέσθω.
1287 736 1328 747 -
1358 700 1398 762 23
1422 697 1468 773 δέ,
1492 717 1553 762 non
1576 693 1644 766 οὖν.
1672 735 1715 748 -
1744 699 1783 761 27
1814 696 2011 784 δεησόντων,

210 877 212 880 .
312 841 371 886 non
395 816 523 902 δεῆσον.
547 853 589 864 -
611 815 650 878 30
674 810 907 887 άναπτᾶσθαι,
929 830 990 876 non
1013 808 1236 877 άναπτέσθαι.
1259 846 1301 858 -
1326 811 1367 874 32
1390 807 1703 895 ἀναθαρσήσαντας,
1733 830 1794 875 non
1814 807 2011 896 ἀναθαρσή-

311 949 440 1006 σαντος.
463 965 505 977 -
527 929 581 1004 64,
607 929 622 988 1
645 921 719 1007 ὑφ’,
743 945 806 989 non
827 923 895 1010 ἐφ’.
918 961 958 970 -
983 927 1002 988 3
1021 921 1177 1010 Ἡρώδης,
1199 941 1261 988 uon
1282 919 1431 1008 Ὑρώδης.
1446 958 1487 970 -
1517 927 1537 987 5
1555 919 1792 1008 Ἀρταουάσδην,
1815 944 1877 989 non
1895 920 2010 1008 Ἀρτα-

311 1042 458 1128 ουάσδην
481 1079 519 1088 -
545 1043 563 1102 7
585 1033 700 1116 αὐτοῦ,
724 1059 784 1102 non
799 1037 858 1102 τοῦ
874 1032 982 1102 αὐτοῦ.
1006 1072 1048 1084 -
1070 1037 1090 1101 8
1109 1033 1323 1121 Ἀρταουσδη,
1347 1055 1407 1100 non
1427 1031 1661 1121 Ἀρταουάσδῃ.
1684 1073 1726 1084 -
1747 1037 1767 1099 9
1789 1036 1925 1121 χώραις,
1950 1055 2010 1100 non

313 1157 446 1242 κώμαις.
463 1189 504 1200 -
522 1153 560 1216 19
577 1149 782 1258 παήαιώδων,
804 1169 867 1214 non
882 1147 1106 1214 παλλακίδων.
1128 1185 1171 1194 -
1194 1149 1232 1212 21
1250 1147 1447 1225 πελταστάς,
1472 1169 1534 1212 non
1548 1145 1703 1223 πελάτας.
1724 1185 1767 1196 --
1789 1150 1829 1212 24
1850 1145 2009 1234 Ἡρώδην,

315 1289 374 1334 non
393 1265 544 1350 Ὑρώδην.
567 1302 598 1310 -
631 1265 671 1327 27
695 1259 903 1338 ἀντιστάτας,
927 1281 987 1326 non
1011 1257 1233 1335 ἀντιστάντας.
1263 1295 1304 1308 -
1333 1255 1864 1344 Βίοο.11,1,1Ἆρα,ιιοιιἎρα.
1894 1295 1936 1308 -
1971 1263 2010 1324 10

314 1383 371 1467 τῷ,
394 1400 455 1444 non
475 1379 522 1444 τά.
544 1415 586 1424 -
611 1379 675 1452 at
698 1375 734 1440 ἐν
755 1371 868 1450 αὐτοῖς
890 1377 987 1450 εἶναι,
1011 1393 1070 1438 nou
1093 1373 1128 1438 ἐν
1151 1365 1275 1449 αὑτοῖς.
1297 1409 1340 1420 -
1362 1375 1382 1438 8
1404 1374 1445 1438 Ml
1466 1372 1503 1438 δὲ
1527 1376 1618 1436 Δίων
1639 1371 1695 1436 καὶ
1719 1373 1864 1456 Βροῦτος
1886 1393 1945 1438 om.
1968 1409 2010 1422 -·

319 1496 356 1558 19
372 1497 445 1575 βίω,
460 1511 520 1556 non
536 1493 629 1574 δίων.
645 1525 686 1536 -
703 1491 841 1552 Brutus
865 1489 896 1562 P,
913 1489 963 1560 51,
983 1486 1020 1550 19
1037 1483 1215 1565 ἀπόγονος,
1241 1506 1300 1550 non
1317 1484 1489 1569 πρόγονος.
1505 1521 1547 1531 -
1563 1487 1603 1548 20
1619 1483 1769 1570 ἔστησαν,
1794 1503 1856 1550 nou
1875 1481 2010 1571 ἀνέστη-

316 1625 384 1670 σαν.
407 1640 448 1652 -
471 1605 511 1666 23
534 1599 730 1686 χρυσήλατα,
753 1619 813 1664 non
830 1595 1032 1690 ψυχρήλατα.
1055 1633 1096 1644 -
1119 1599 1157 1662 31
1174 1603 1298 1682 μέντοι,
1320 1618 1383 1663 non
1397 1601 1458 1681 μέν
1471 1622 1514 1662 τι.
1530 1635 1571 1646 -
1593 1598 1631 1662 31
1650 1595 1789 1682 ήνεχιιεν,
1812 1617 1871 1662 non
1886 1595 2008 1682 ήνεχιιε.

312 1719 397 1791 52,3
421 1713 543 1790 satas,
566 1732 629 1778 nou
645 1710 754 1778 Ἄλαν.
789 1743 819 1760 -
842 1713 900 1776 Sed
922 1731 956 1776 ex
978 1713 1052 1775 libro
1074 1708 1123 1774 Mb
1146 1713 1218 1776 haec
1240 1731 1332 1793 pauca
1355 1713 1487 1794 exempla
1509 1712 1670 1794 scripturae
1692 1711 1850 1794 protulisse
1871 1712 1902 1775 in
1923 1731 2010 1794 prae·

311 1832 404 1896 sentia
428 1830 501 1892 satis
524 1840 579 1892 est.

395 1943 487 2004 Venio
516 1941 551 2003 ad
574 1939 752 2002 Marcianum
776 1937 847 2012 386,
876 1939 914 2000 de
937 1958 996 2020 quo
1026 1937 1145 2002 uberius
1174 1939 1271 2020 paullo
1293 1957 1442 2019 exponere
1469 1938 1561 2010 liceat,
1589 1955 1657 2000 curn
1685 1937 1813 2018 optimos
1842 1949 1875 2002 ut
1901 1939 2009 2002 virtute

311 2056 437 2119 minime
465 2053 649 2134 aequiparat,
682 2051 721 2114 ita
748 2051 897 2114 vilioribus
924 2053 1012 2131 longe
1033 2061 1162 2132 praestet
1191 2061 1221 2113 et
1250 2052 1306 2114 lide
1335 2061 1364 2112 et
1391 2051 1512 2114 veritate
1539 2050 1699 2113 lectionum
1730 2051 1860 2132 satisque
1888 2051 2010 2114 boniet

311 2169 424 2251 proprii
441 2166 553 2238 habeat,
577 2173 611 2228 ut
632 2165 740 2244 dignus
762 2163 956 2235 existimetur,
978 2183 1037 2244 quo
1062 2172 1182 2226 utamur
1205 2182 1266 2226 nou
1289 2165 1395 2238 solum,
1421 2164 1471 2244 qui
1494 2162 1637 2225 librorum
1663 2163 1903 2227 Plutarcheorum
1926 2165 2008 2228 initia

312 2293 342 2344 et
364 2279 602 2362 propagationem
626 2277 804 2358 exploraturi
826 2285 907 2346 sunl,
929 2277 979 2338 sed
1003 2276 1102 2350 eliano,
1125 2277 1174 2357 qui
1199 2287 1327 2340 veterem
1351 2276 1478 2338 orationi
1501 2276 1648 2338 Plutarchi
1663 2276 1852 2356 splendorem
1875 2287 1905 2340 et
1928 2279 2008 2341 inte-

313 2393 449 2474 gritatem
472 2392 628 2454 restituere
651 2387 821 2452 studebunt.
867 2389 1008 2451 Continet
1031 2398 1129 2452 autem
1153 2389 1201 2452 hic
1224 2389 1295 2451 liber
1309 2389 1427 2452 saeculo
1449 2389 1608 2452 undecimo
1628 2389 1765 2468 scriptus,
1788 2389 1838 2469 qui
1854 2399 1900 2452 est
1915 2394 2009 2454 lorma

316 2506 457 2586 quadrata
479 2515 508 2570 el
521 2504 598 2566 loliis
614 2511 729 2565 constat
744 2501 803 2564 221
829 2503 952 2564 eandem
969 2501 1108 2565 omnihus
1125 2520 1245 2565 manum
1263 2501 1504 2574 monstrantibus,
1532 2501 1605 2565 vitas
1621 2493 1737 2564 aemilii
1759 2509 1788 2564 et
1802 2501 2008 2578 Timoleontis,

315 2617 436 2680 Sertorii
458 2625 487 2678 et
508 2615 661 2690 Eumenis,
684 2615 922 2696 Philopoemenis
946 2621 976 2679 et
997 2615 1065 2690 Titi,
1088 2615 1244 2698 Pelopidae
1267 2623 1297 2678 et
1318 2615 1455 2686 Marcelli,
1478 2613 1619 2676 Demetrii
1642 2623 1671 2676 et
1693 2613 1824 2687 Antonii,
1852 2613 1956 2696 Pyrrhi
1979 2624 2009 2678 et

313 2730 402 2804 Marii,
429 2739 580 2810 practerea
603 2729 635 2792 in
658 2737 788 2791 extremo
810 2727 879 2790 l'olio
900 2727 984 2790 initia
1005 2726 1157 2809 Epitomes
1180 2727 1334 2803 Zenodori,
1363 2723 1442 2811 περὶ
1464 2727 1656 2808 συνηθείας.
1702 2725 1875 2790 Universum
1898 2727 2007 2790 librum

312 2843 479 2924 comparari
512 2861 578 2905 cum
613 2842 679 2904 vitis
711 2841 859 2904 Plutarchi
893 2841 1036 2903 aCarolo
1069 2840 1200 2903 Sintenis
1233 2841 1318 2902 editis
1351 2840 1481 2921 (Lipsiae
1510 2837 1603 2913 1877)
1637 2838 1771 2919 proximo
1798 2847 1828 2902 et
1855 2840 2008 2921 superiore

312 2973 399 3018 anno.
445 2955 555 3016 Omnes
578 2953 655 3016 vitae
677 2953 707 3016 in
730 2953 825 3034 capite
841 2961 955 3033 praeter
978 2952 1096 3015 titulum
1112 2969 1255 3016 numeros
1270 2973 1286 3015 a
1302 2953 1467 3016 recentiore
1488 2969 1576 3014 manu
1593 2951 1706 3014 additos
1727 2959 1845 3030 gerunt,
1868 2953 2008 3016 Aemilius

314 3089 358 3140 ια,
380 3066 489 3128 Marius
512 3068 570 3147 νβς
593 3067 622 3127 in
639 3067 689 3128 lol.
706 3067 746 3128 la
768 3066 1016 3146 suprascriptum
1040 3075 1085 3127 est
1106 3063 1143 3128 τὸ
1167 3069 1199 3126 Β
1224 3062 1356 3147 βιβλίον
1380 3065 1445 3128 τών
1464 3060 1685 3146 παραλλήλων
1706 3062 1764 3126 τοῦ
1787 3060 2008 3146 Πλουτάρχου.

314 3179 352 3243 Mt
374 3179 512 3241 lectiones
539 3197 554 3239 a
584 3197 632 3240 me
661 3178 821 3258 exscriptas
851 3178 985 3258 quisquis
1008 3195 1075 3240 eum
1099 3178 1204 3240 ceteris
1227 3177 1377 3240 codicibus
1400 3181 1540 3250 conteret,
1567 3177 1701 3256 protinus
1724 3183 1864 3256 agnoscet
1885 3179 2007 3241 eandem

314 3291 380 3356 libri
403 3291 448 3353 M⁰
470 3292 615 3372 originem
639 3309 702 3352 esse
725 3301 815 3371 alque
838 3288 1040 3352 Palatinorum
1063 3289 1134 3362 283,
1159 3289 1231 3364 168,
1256 3291 1315 3352 169
1337 3291 1396 3366 (Ρ),
1420 3289 1601 3352 Monacensis
1624 3287 1664 3350 85
1681 3289 1744 3366 (M),
1769 3290 2008 3355 vindobonensis

312 3405 352 3466 60
375 3401 438 3484 (pu)
461 3405 629 3484 horumque
650 3403 792 3465 similium
814 3402 854 3464 ita
876 3413 986 3476 tamen,
1021 3410 1054 3464 ut
1083 3421 1179 3484 neque
1206 3421 1284 3466 unus
1310 3423 1345 3466 ex
1374 3403 1419 3465 his
1449 3402 1485 3464 de
1512 3400 1669 3472 Marciano,
1700 3420 1796 3483 neque
1823 3403 1870 3465 ille
1898 3403 1934 3466 de
1962 3405 2008 3466 his
2128 3463 2140 3494 ⁸

312 3517 476 3600 descriptus
494 3535 557 3578 esse
576 3515 679 3596 possit,
704 3515 757 3577 sed
778 3515 842 3576 suis
868 3533 1017 3596 quemque
1035 3515 1103 3577 latis
1123 3523 1153 3576 et
1167 3515 1281 3578 auxiliis
1298 3536 1332 3579 ex
1349 3517 1453 3578 eodem
1469 3515 1545 3577 libro
1568 3524 1684 3578 vetusto
1700 3515 1799 3578 nescio
1815 3535 1873 3596 quo
1889 3517 2008 3580 lluxisse

311 3640 460 3711 appareat.
505 3631 600 3708 btque
615 3629 645 3690 in
660 3628 783 3690 Aemilio
799 3627 920 3709 quidem
937 3639 967 3692 et
990 3627 1185 3700 Timoleonte,
1203 3629 1340 3710 Pelopida
1356 3639 1386 3690 et
1401 3628 1534 3690 Marcello
1547 3628 1625 3690 haud
1646 3629 1685 3693 ita
1706 3629 1794 3708 louge
1809 3628 1918 3692 distent
1932 3629 2008 3693 Mar-

311 3717 386 3804 ciani
400 3741 541 3804 lectiones
557 3759 572 3802 a
589 3741 788 3804 Palatinorum
808 3738 866 3802 168
879 3749 909 3802 et
923 3739 991 3816 169,
1006 3741 1189 3804 Monacensis
1199 3739 1249 3816 85,
1265 3742 1389 3804 Parisini
1403 3741 1483 3802 1672
1496 3741 1558 3818 (Β)
1574 3741 1689 3823 saepius
1701 3760 1768 3804 oum
1781 3741 1826 3804 his
1837 3743 1908 3806 lacit
1918 3743 2007 3807 etiam

312 3854 464 3918 Parisinus
480 3852 563 3914 1673
579 3853 636 3934 (C).
680 3853 714 3916 ln
730 3853 862 3914 Sertorio
877 3861 976 3914 autem
993 3863 1024 3916 et
1038 3854 1170 3917 Eumene
1187 3855 1340 3934 quaedam,
1362 3854 1412 3916 sed
1430 3871 1491 3916 non
1507 3854 1606 3917 omnia
1621 3853 1789 3918 eommunia
1805 3854 1915 3924 habent
1929 3855 2007 3918 Mar-

241 3955 245 3961 ’
313 3967 414 4030 cianus
430 3975 460 4029 et
474 3966 624 4032 Palatinus
644 3964 712 4038 168,
735 3965 877 4046 quaedam
894 3975 924 4028 et
939 3967 1099 4028 Marcianus
1121 3975 1150 4028 et
1166 3965 1341 4029 Bodleianus
1357 3977 1480 4046 quartus
1500 3964 1566 4047 (pa)
1589 3975 1620 4028 et
1634 3965 1871 4030 l'indohonensis
1887 3967 1927 4030 60
1945 3965 2008 4048 (Vl)

315 4079 396 4158 plura
411 4079 575 4142 Marcianus
591 4089 621 4142 et
640 4077 824 4142 Monacensis
841 4085 871 4140 et
886 4079 1037 4142 Parisinus
1054 4080 1085 4141 C.
1129 4077 1232 4161 Neque
1247 4079 1300 4140 alia
1317 4079 1459 4140 librorum
1476 4080 1550 4141 ratio
1569 4087 1600 4140 et
1615 4079 1783 4142 coniunctio
1807 4089 1851 4140 est
1866 4097 1919 4160 per
1934 4080 2007 4144 ritas

314 4189 548 4269 Philopoemenis
567 4199 597 4253 et
611 4190 679 4265 Titi,
702 4191 1001 4272 praeterquamquod
1026 4191 1148 4255 Palatini
1172 4191 1309 4254 rotroco
1326 4192 1432 4254 librum
1458 4192 1526 4265 169,
1547 4192 1598 4273 qui
1620 4211 1688 4254 cum
1703 4191 1753 4253 illo
1768 4191 1929 4272 antiquitus
1947 4212 2007 4254 uno

314 4301 465 4365 volumine
476 4303 706 4385 comprehensus
722 4311 793 4374 erat,
810 4304 881 4384 poni
899 4313 1025 4385 oportet.
1055 4305 1088 4367 ln
1105 4305 1254 4367 Demetrio
1270 4323 1339 4367 vero
1355 4314 1385 4366 et
1400 4305 1539 4376 Antonio,
1553 4305 1584 4367 in
1601 4305 1712 4384 Pyrrho
1728 4304 1856 4384 denique
1872 4314 1902 4366 et
1915 4303 2006 4368 Mario

311 4423 372 4478 tam
402 4431 494 4496 prope
521 4415 634 4478 accedit
656 4417 697 4478 11ο
725 4417 760 4478 ad
784 4416 946 4479 Palatinum
973 4416 1045 4490 283,
1074 4427 1188 4480 utnon
1212 4418 1338 4480 multum
1361 4417 1506 4490 litterano,
1534 4418 1607 4498 quin
1630 4417 1717 4479 etiam
1740 4416 1848 4480 scholia
1870 4416 1901 4478 in
1925 4435 2006 4478 mar·

313 4529 378 4606 gine
399 4527 511 4590 adiecta
538 4528 641 4591 eedem
663 4523 852 4591 inve'niantur
873 4531 1034 4610 utrimque.
1079 4529 1160 4592 hdde
1188 4529 1266 4610 qnod
1296 4547 1348 4611 per
1370 4529 1443 4592 vitas
1465 4528 1568 4609 Pyrrhi
1595 4537 1625 4591 et
1652 4529 1733 4591 Marii
1761 4528 1833 4588 mira
1862 4529 2005 4609 quaedam

314 4637 544 4719 deprehenditur
571 4641 733 4704 similitudo
760 4641 899 4705 Marciani
926 4641 994 4705 libri
1023 4649 1053 4705 et
1081 4643 1224 4705 luntinae
1253 4641 1436 4722 exemplaris.
1500 4641 1600 4722 Neque
1633 4641 1726 4720 ignoti
1760 4639 1849 4702 luisse
1882 4649 2007 4720 possunt

314 4749 451 4812 Marciani
471 4753 517 4826 iis,
540 4755 591 4834 qui
613 4753 782 4817 instauratis
805 4755 910 4818 studiis
934 4755 1098 4820 litterarum
1124 4754 1279 4818 Plutarcho
1302 4773 1423 4834 operam
1445 4754 1602 4825 dederunt,
1625 4755 1680 4816 etsi
1703 4772 1778 4834 quos
1798 4751 1889 4814 lihros
1910 4753 2006 4816 admi-

313 4863 418 4934 serint,
441 4883 515 4944 quos
535 4865 684 4946 aspernati
705 4867 777 4942 sint,
807 4869 956 4950 quomodo
977 4867 1023 4941 iis,
1045 4867 1096 4948 qui
1118 4869 1148 4929 in
1173 4885 1262 4930 mauu
1285 4866 1484 4938 versabantur,
1509 4866 1554 4929 usi
1576 4867 1647 4940 sint,
1669 4884 1737 4928 eum
1752 4883 1914 4948 numquam
1938 4885 2007 4948 per-

311 4975 412 5057 spicue
435 4977 638 5041 discernantur
659 4989 710 5042 aut
724 4979 896 5042 nominibus
911 4979 1124 5059 significentur,
1147 4979 1352 5042 dillicillimum
1375 4989 1421 5042 est
1437 4979 1475 5041 ad
1497 4978 1770 5041 internoscendum.

395 5091 493 5170 Atque
508 5091 632 5154 luntina
649 5089 770 5172 quidem
786 5091 935 5154 Plutarchi
957 5093 1082 5156 vitarum
1104 5092 1193 5154 editio
1217 5093 1374 5173 exquibus
1397 5091 1479 5155 libris
1501 5091 1643 5170 originem
1666 5089 1801 5156 hahuerit
1822 5090 1858 5154 ab
1879 5091 2006 5154 uuaorro

312 5201 426 5265 Schoell
440 5203 472 5266 in
488 5203 588 5266 Herm.
605 5205 626 5266 V
641 5223 670 5285 p.
690 5205 801 5286 lllsq.
818 5205 850 5266 iu
866 5206 930 5268 luce
945 5206 1074 5287 positum
1090 5213 1149 5278 esta
1164 5205 1200 5266 ah
1217 5205 1288 5266 llldo
1302 5223 1339 5267 ne
1352 5205 1407 5266 hoc
1419 5204 1538 5285 quidem
1551 5203 1663 5268 nostris
1675 5202 1859 5285 temporibus
1871 5203 2005 5266 homines

390 5319 526 5365 οειιι-ειι.
543 5323 604 5368 rese.
1795 5323 1812 5377 2
