4694 5832
1018 455 1237 518 -11-

281 655 311 708 et
332 615 402 709 hier.
428 645 466 708 18
489 647 573 724 (348,
590 647 623 728 7)
646 643 845 722 §statuuat
868 647 907 709 32
931 648 1016 729 (364,
1032 649 1065 730 5)
1087 651 1145 712 τοῦ
1167 648 1211 733 μή
1234 647 1392 723 πλείονας
1414 645 1522 712 ἄλλων
1545 650 1634 730 [quod
1656 655 1791 716 hmiotus
1814 653 1853 714 ita
1876 653 1976 716 reddi·
2105 615 2109 624 ¹

280 759 325 822 dit
347 778 406 833 „uu
428 778 538 841 pource
562 735 634 841 qu’it
657 761 787 823 estimoit
809 780 867 842 que
890 761 950 824 cela
973 761 1060 823 estoit
1082 780 1169 824 cause
1192 781 1250 843 que
1271 763 1337 843 plus
1359 763 1489 842 degens
1511 781 1549 824 ne
1576 764 1603 826 le
1625 773 1775 844 venoyent
1802 783 1855 846 pas
1878 766 1976 828 saluar

281 889 319 934 en
341 891 373 934 sa
397 872 511 934 maison
534 881 564 935 et
584 873 634 954 luy
656 873 728 936 taire
751 873 779 935 la
801 892 874 936 cour
904 892 963 954 que
985 873 1026 936 les
1055 882 1155 936 autres
1178 879 1352 936 senateurs“
1386 892 1453 937 cum
1483 883 1586 937 contra
1615 875 1784 956 Stephanus
1814 878 1977 940 censuisset

279 993 380 1066 aptum
404 1005 439 1046 ex
460 985 516 1047 illis
541 984 636 1047 verbis
660 985 724 1048 elici
747 1003 810 1048 non
831 1005 919 1067 posse
942 985 1074 1062 sensum]
1098 993 1127 1049 et
1142 986 1183 1049 35
1205 985 1290 1066 (366,
1307 986 1359 1060 29)
1384 983 1539 1048 ἐπεκάλει
1561 995 1590 1048 et
1604 986 1645 1048 43
1668 985 1752 1067 (378,
1769 989 1801 1065 6)
1825 984 1977 1054 ἀσπασό-

279 1117 374 1179 μενοι
399 1099 484 1178 [pour
506 1099 533 1159 le
555 1099 659 1172 saluar,
683 1097 828 1173 hmiotus]
852 1109 890 1175 et,
904 1099 944 1161 45
968 1096 1054 1178 (381,
1068 1099 1099 1171 7)
1123 1097 1292 1182 τιμητικὸς
1313 1107 1342 1161 et
1364 1099 1463 1180 Pelop.
1483 1101 1514 1160 11
1543 1099 1607 1180 (93,
1619 1097 1672 1176 22)
1696 1099 1787 1184 αὐτῷ
1803 1111 1833 1164 et
1851 1103 1888 1164 14
1913 1103 1977 1181 (96,

281 1209 312 1286 3)
335 1204 526 1272 ἀπείπαντο
549 1219 578 1273 et
596 1211 634 1272 17
657 1209 721 1292 (19,
737 1210 790 1288 23)
806 1209 882 1274 κατ’
897 1205 1016 1284 αὐτοὺς
1031 1221 1060 1273 et
1075 1211 1115 1272 25
1138 1212 1223 1292 (107,
1239 1209 1292 1288 20)
1311 1208 1535 1284 Μενεκλείδας
1551 1221 1580 1274 et
1595 1211 1635 1273 34
1651 1213 1737 1292 (119,
1753 1213 1805 1286 30)
1828 1231 1977 1296 τρισκαι-

281 1319 399 1404 δεκάτῃ
423 1331 451 1384 ο1
474 1321 600 1384 Marcell.
624 1323 665 1384 20
688 1323 773 1403 (143,
789 1323 842 1401 26)
867 1319 966 1397 1κέτις
988 1333 1018 1385 ε1
1040 1322 1076 1384 21
1104 1325 1189 1404 (144,
1206 1324 1260 1396 21)
1282 1323 1379 1405 χάριν
1400 1333 1430 1386 ε1
1452 1324 1493 1385 24
1515 1323 1649 1406 (1491)
1675 1328 1854 1410 γενομένην
1882 1337 1912 1390 et
1936 1326 1977 1388 29

282 1433 366 1513 (154,
383 1432 437 1514 31)
457 1432 679 1518 προεξελθεῖν
701 1447 732 1499 et
753 1437 835 1498 hem.
854 1436 869 1495 1
895 1435 932 1514 (11
950 1438 1023 1512 1,1)
1051 1433 1125 1519 ἐμοὶ
1149 1456 1203 1517 pro
1225 1435 1299 1519 ἐμοὶ
1326 1436 1387 1519 μὲν
1412 1445 1441 1498 et
1464 1438 1484 1497 4
1505 1437 1570 1516 (41,
1586 1435 1639 1514 21)
1667 1437 1848 1522 περιφανές
1875 1451 1905 1500 et
1939 1441 1976 1502 16

283 1547 344 1630 (54,
361 1547 411 1625 18)
435 1541 622 1630 ὕπερβολάς
643 1558 673 1609 et
694 1547 800 1611 Pimol.
825 1547 844 1608 6
867 1549 908 1624 (6,
927 1549 977 1624 14)
1007 1543 1072 1612 ὕπὸ
1094 1547 1160 1612 τοῖν
1181 1545 1343 1628 τυχόντων
1365 1546 1514 1613 ἐπαίνων
1540 1550 1656 1612 omissis
1683 1549 1739 1612 καὶ
1761 1548 1877 1635 ψόγων
1905 1559 1936 1614 et
1958 1551 1977 1614 6

284 1659 325 1738 (6,
340 1659 391 1734 29)
415 1655 614 1742 πεπράχθαι
644 1670 674 1721 et
702 1661 832 1723 Demetr.
856 1661 897 1722 24
919 1661 979 1740 (111,
1003 1661 1075 1738 314,
1092 1660 1146 1742 20)
1171 1659 1234 1744 γὰρ
1263 1670 1294 1724 et
1320 1659 1362 1722 42
1385 1659 1539 1742 (33314)
1571 1670 1642 1736 τοῖς
1673 1635 1927 1744 ἐντυγχάνουσιν
1948 1673 1978 1727 et

282 1773 347 1834 dut.
370 1773 411 1834 56
441 1771 524 1849 (397,
541 1771 572 1845 8)
602 1770 798 1856 καραδοκεῖν
831 1783 861 1835 et
889 1773 929 1836 67
959 1773 1043 1854 (407,
1060 1773 1113 1849 22)
1141 1771 1324 1850 ἐκδιώκων,
1354 1773 1426 1837 haec
1458 1775 1558 1838 omnia
1597 1793 1677 1838 nunc
1709 1776 1878 1839 testimonio
1912 1777 1978 1840 libri

280 1883 416 1948 hlarciani
448 1885 509 1948 386
542 1884 578 1947 ad
607 1893 781 1948 vetustatem
810 1887 981 1968 adquirunt.
1016 1921 1057 1931 -
1091 1888 1150 1950 Sed
1176 1887 1202 1950 si
1235 1895 1406 1968 quaeratur,
1439 1905 1513 1950 num
1542 1887 1633 1950 luisse
1660 1888 1691 1950 in
1719 1907 1806 1952 manu
1836 1889 1979 1970 Stephani

280 1997 431 2079 probabile
461 1999 501 2060 sit
530 1997 640 2059 librum
666 1997 846 2060 Marcianum
877 1997 953 2072 386,
987 2000 1123 2080 equidem
1156 2000 1233 2062 haud
1260 2000 1371 2062 incerta
1401 2001 1567 2064 coniectura
1599 2010 1751 2064 assecutus
1779 2001 1852 2064 mihi
1879 2003 1979 2065 videor

281 2129 341 2172 non
369 2111 442 2184 hoc,
469 2111 520 2174 sed
549 2110 605 2173 alio
632 2111 723 2174 simili
751 2111 825 2174 libro
853 2131 940 2174 usum
969 2112 1052 2174 illum
1083 2131 1158 2186 esse,
1191 2113 1271 2193 quod
1299 2131 1367 2175 cum
1395 2113 1529 2194 pluribus
1562 2114 1743 2193 argumentis
1776 2115 1979 2177 demonstrare

282 2241 409 2304 possem,
442 2224 510 2286 hine
546 2225 604 2286 iam
639 2226 778 2289 omnihus
812 2225 969 2306 probatum
1003 2225 1038 2287 iri
1071 2244 1167 2306 spero,
1197 2225 1276 2306 quod
1304 2226 1472 2306 Stephanus
1499 2226 1534 2288 ad
1562 2245 1590 2307 p.
1614 2225 1695 2289 1646
1729 2245 1805 2289 vers.
1835 2228 1978 2311 φθεῖραι

282 2335 423 2415 (Demetr.
447 2337 487 2398 22
520 2337 572 2415 11,
600 2339 676 2414 313,
703 2339 735 2417 4)
777 2357 845 2402 cum
883 2339 1024 2400 traditum
1062 2339 1102 2401 sit
1137 2333 1358 2421 ἀπεκρίναντο
1400 2337 1458 2412 τὰς
1493 2337 1553 2400 τοῦ
1588 2335 1713 2422 πατρὸς
1754 2337 1883 2412 ελκάνας
1919 2337 1979 2422 ἐμ-

284 2449 408 2534 πρῆσαι
431 2448 558 2532 μᾶλλον
578 2447 598 2535 ἢ
620 2453 732 2536 τέχνης
755 2446 860 2514 πόνον
881 2451 1048 2530 τοσοῦτον,
1079 2451 1111 2512 iu
1133 2451 1375 2513 annotationibus
1397 2471 1426 2532 p.
1442 2451 1504 2513 456
1527 2451 1631 2513 adiecit
1652 2451 1724 2524 „Vel
1746 2449 1915 2536 ἐμπρῆσαι
1937 2447 1979 2516 άν

284 2565 329 2626 rel
350 2561 533 2647 ἐμπρήσειν
554 2565 745 2627 Plutarchum
768 2563 923 2644 scripsisse
945 2570 1037 2645 puto·‘
1060 2565 1120 2636 uhi,
1143 2583 1210 2626 cum
1233 2563 1299 2626 libri
1324 2562 1501 2625 rancun
1521 2563 1594 2626 Veu.
1615 2563 1678 2626 386
1701 2564 1827 2626 habeant
1849 2562 1979 2638 ελκόνας

283 2673 324 2742 ἂν
345 2673 524 2760 ἐμπρῆσαι,
552 2679 666 2740 nullum
689 2697 724 2739 er
747 2677 792 2739 his
814 2677 961 2757 Stephano
985 2677 1134 2738 evolutum
1158 2676 1300 2738 videmus.
1343 2675 1424 2736 ldem
1448 2675 1661 2752 concludimus,
1686 2677 1814 2739 eumad
1842 2696 1872 2758 p.
1897 2677 1978 2739 1656

282 2809 308 2852 v.
331 2785 485 2873 μυριάκις
512 2789 650 2868 (Demetr.
675 2787 724 2862 33,
748 2789 793 2861 tv,
809 2787 881 2862 324,
897 2787 930 2866 2)
958 2789 1101 2869 Stephani
1131 2797 1249 2850 exstent
1275 2789 1346 2850 haee
1374 2787 1479 2850 verba:
1514 2789 1654 2863 „Servata
1686 2788 1745 2851 luit
1776 2789 1824 2851 hic
1856 2790 1979 2852 omuino

282 2903 405 2966 aliarum
428 2901 590 2965 editionum
612 2902 757 2984 scriptura
779 2901 950 2964 habentium
973 2901 1085 2963 ibidem
1108 2897 1144 2963 ἐν
1165 2897 1264 2984 θήσω
1286 2911 1317 2963 et
1338 2901 1508 2964 disiunctim
1532 2911 1562 2962 et
1582 2901 1667 2964 litera
1685 2923 1710 2963 ω
1726 2901 1855 2964 habente
1877 2903 1979 2966 ssub-

282 3015 435 3095 scriptum.
479 3014 542 3076 lloc
563 3015 644 3076 enim
665 3033 786 3095 semper
807 3014 976 3076 laciendum
999 3014 1111 3086 censui,
1134 3013 1165 3076 in
1187 3013 1276 3076 huius
1299 3014 1474 3077 stallorum
1497 3014 1806 3095 paritersoriptorum
1828 3014 1901 3078 locis
1925 3016 1980 3078 de·
2098 3043 2103 3050 ¹

283 3128 407 3209 pretatis
428 3135 457 3189 et
472 3145 600 3208 quorum
616 3127 782 3190 emendatio
805 3125 958 3189 manifesta
981 3145 1043 3188 non
1066 3135 1121 3200 est,
1146 3135 1179 3188 ut
1200 3127 1296 3202 lectio,
1319 3147 1394 3209 quae
1415 3127 1447 3188 in
1469 3126 1534 3188 aliis
1558 3126 1738 3189 editionibus
1761 3127 1894 3202 hahetur,
1916 3127 1979 3190 sine

283 3241 341 3302 ulla
364 3241 408 3302 vel
430 3239 577 3302 levissima
601 3239 765 3302 mutatione
786 3240 978 3310 retineretur,
1003 3239 1140 3320 quoniam
1165 3257 1381 3320 saepenumero
1396 3239 1528 3320 comperi
1543 3239 1575 3301 in
1590 3239 1635 3313 iis,
1657 3258 1733 3320 quae
1748 3239 1842 3320 primo
1858 3249 1979 3321 aspectu

284 3353 430 3415 ollendere
452 3353 577 3434 possint,
608 3361 757 3432 tamquam
781 3351 1018 3432 depravationem
1041 3352 1178 3432 augentia
1201 3369 1286 3414 verae
1308 3351 1442 3414 lectionis
1464 3351 1585 3430 vestigia
1616 3351 1734 3414 tandem
1758 3352 1893 3414 inveniri.
1938 3353 1980 3416 lta

281 3465 370 3554 igitur
392 3484 428 3527 ex
449 3462 485 3528 ἐν
507 3461 605 3547 θήσῳ
627 3464 724 3526 tacere
753 3463 835 3526 uolui
858 3459 991 3549 ἐνθήσω
1018 3483 1035 3524 a
1065 3464 1153 3526 verbo
1184 3461 1351 3548 ἐντέθήμι,
1385 3465 1519 3545 quamvis
1548 3481 1607 3526 non
1639 3464 1805 3544 ignorarem
1832 3465 1981 3528 Budaeum

283 3577 392 3640 Galliae
414 3585 535 3640 nostrae
557 3577 705 3656 simulque
727 3575 878 3638 doctrinae
900 3576 1053 3638 literarum
1070 3573 1246 3640 Graecarum
1267 3579 1370 3639 lumen
1386 3576 1425 3638 ita
1440 3578 1546 3656 legere,
1569 3583 1720 3657 tamquam
1736 3577 1772 3640 de
1787 3577 1841 3640 hac
1856 3577 1982 3640 lectione

285 3691 367 3752 nullo
389 3697 475 3770 paeto
497 3689 695 3769 ambigentem
719 3696 795 3750 etc.“
841 3688 920 3750 Nihil
941 3689 1019 3751 aliud
1041 3689 1131 3767 igitur
1151 3690 1183 3751 in
1202 3689 1263 3752 suis
1286 3689 1368 3752 libris
1389 3689 1505 3752 invenit
1526 3689 1693 3770 Stephanus
1715 3708 1803 3771 quam
1826 3687 1862 3754 ἐν
1886 3684 1981 3774 θήσῳ

284 3821 383 3883 neque
406 3820 479 3864 usus
501 3811 546 3864 eet
568 3801 651 3863 libris
674 3800 778 3875 hBCD,
802 3801 852 3880 qui
875 3799 986 3864 habent
1008 3798 1043 3864 ἐν
1065 3802 1147 3884 tutu,
1176 3822 1231 3864 nec
1253 3801 1394 3873 Palatino,
1422 3802 1455 3864 in
1478 3820 1538 3882 quo
1562 3810 1607 3864 est
1632 3797 1765 3884 ἐνθήσω
1790 3797 1892 3886 pampo
1914 3802 1981 3882 (sic)

269 3934 341 3978 nec
362 3935 391 3995 q,
424 3915 508 3977 cuius
538 3922 584 3976 est
610 3911 646 3974 ἐν
674 3913 763 3998 lapegi,
797 3930 896 3994 neque
926 3913 1052 3994 denique
1078 3913 1128 3988 tta,
1163 3914 1193 3975 iu
1222 3915 1306 3976 cuius
1333 3922 1415 3976 textu
1443 3914 1549 3994 legitur
1575 3910 1724 3998 ἐνθήσω,
1759 3933 1828 3976 oum
1858 3897 2000 3994 margini¹

287 4045 417 4088 amanu
439 4027 535 4107 prima
558 4025 718 4107 ascriptum
743 4025 781 4086 sit
802 4022 910 4109 ἐνιψω
941 4025 1020 4107 (sic).
1042 4061 1086 4071 -
1108 4026 1164 4088 ntii
1192 4025 1282 4106 igitur
1310 4046 1345 4088 ex
1371 4027 1557 4089 bibliothecis
1584 4027 1709 4089 eruendi
1730 4036 1802 4090 suut
1822 4027 1905 4102 libri,
1933 4028 1983 4109 qui

289 4138 357 4199 olim
381 4139 532 4218 Stephano
555 4139 651 4201 edenti
674 4139 866 4201 Plutarchum
889 4146 1007 4219 praesto
1030 4147 1122 4200 eraut.
1168 4138 1226 4200 Sed
1253 4139 1285 4200 iu
1313 4146 1485 4202 transcursu
1508 4139 1592 4201 liceat
1620 4158 1743 4201 monere
1770 4139 1845 4202 liber
1867 4139 1983 4202 Seiten-

288 4250 442 4313 stettensis
470 4270 531 4312 non
554 4271 643 4333 posse
671 4250 811 4324 dubitari,
843 4251 916 4331 quin
939 4251 971 4312 in
995 4269 1084 4314 manu
1107 4250 1250 4332 Stephani
1271 4251 1370 4326 luerit,
1399 4271 1467 4314 eum
1487 4251 1588 4314 ederet
1603 4251 1804 4315 Plutarchum.
1848 4251 1982 4315 Diuorum

288 4363 321 4426 iu
343 4361 441 4426 libello
464 4383 530 4426 meo
546 4365 581 4426 de
604 4364 681 4426 Plut.
704 4364 804 4427 codice
820 4381 897 4426 man.
914 4363 1055 4425 Seitenst.
1078 4363 1220 4443 (Berolini
1241 4361 1320 4425 1885
1336 4383 1365 4444 p.
1383 4365 1435 4439 14)
1459 4383 1526 4426 oum
1550 4364 1650 4426 animo
1666 4365 1888 4445 complecterer,
1910 4372 1983 4445 quot

286 4477 360 4540 loeis
382 4475 529 4538 Plutarchi
551 4477 638 4539 verba
662 4495 697 4538 ex
719 4476 793 4537 libro
815 4476 851 4537 St
872 4475 995 4538 eandem
1019 4475 1197 4538 medicinam
1220 4477 1380 4550 traherent,
1409 4495 1499 4558 quam
1526 4495 1562 4538 ex
1593 4476 1737 4557 Stephani
1767 4477 1906 4548 editione,
1935 4475 1983 4538 iu-

288 4589 426 4668 tellegere
448 4588 522 4650 mihi
546 4609 594 4652 me
615 4589 697 4651 illum
720 4587 811 4650 videri
834 4588 1016 4668 Stephanum
1040 4587 1190 4661 evoluisse,
1214 4587 1265 4650 sed
1288 4589 1421 4651 animum
1445 4588 1528 4650 omni
1556 4587 1740 4650 dubitatione
1769 4586 1894 4649 liberare
1922 4606 1983 4650 non

289 4720 385 4782 posse,
408 4701 475 4782 quia
497 4703 529 4763 in
552 4701 732 4764 conterendo
755 4700 899 4763 scholium
923 4700 996 4762 illud
1019 4700 1055 4762 de
1077 4699 1185 4762 tabulis
1207 4701 1306 4780 legum
1334 4700 1452 4762 Solonis
1482 4700 1648 4762 describere
1671 4699 1874 4780 neglexissem,
1901 4699 1985 4763 euius

291 4813 473 4876 mentionem
501 4813 572 4876 iecit
599 4814 768 4895 Stephanus
798 4813 853 4874 vol.
876 4811 942 4874 11111
971 4832 1000 4892 p.
1017 4813 1089 4874 401.
1133 4809 1294 4893 Postquam
1322 4830 1390 4874 vero
1418 4812 1602 4874 humanitate
1632 4818 1661 4874 et
1686 4811 1859 4874 liberalitate
1886 4813 1986 4876 uxoris

291 4925 430 4988 Hercheri
453 4937 557 4989 nactus
579 4945 645 4989 sum
665 4924 740 4988 lllud
763 4925 911 5005 exemplar
934 4923 1067 4986 vitarum'
1083 4923 1162 5003 quod
1186 4925 1255 4986 olim
1278 4931 1342 4988 erat
1356 4925 1497 4987 Hercheri
1514 4933 1544 4986 et
1565 4923 1612 4986 cui
1633 4923 1821 4986 Eberhardus
1836 4925 1987 5005 inscripsit

289 5037 433 5101 lectiones
455 5037 522 5102 libri
544 5041 578 5101 St
599 5057 720 5120 possum
743 5054 850 5099 omnes
871 5037 1027 5116 scrupulos
1049 5035 1173 5098 abicere.
1217 5037 1318 5117 Neque
1341 5037 1421 5098 enirn
1445 5057 1493 5098 me
1514 5036 1618 5098 fefellit
1640 5037 1780 5099 memoria
1807 5047 1837 5100 et
1863 5037 1987 5117 ascripta

290 5152 414 5215 suntin
437 5151 570 5231 margine
592 5151 724 5214 1014οε
746 5149 824 5211 illius
846 5149 956 5211 codicis
979 5148 1063 5210 haec:
1088 5145 1202 5222 ἄξονες
1223 5146 1261 5211 δὲ
1284 5146 1363 5222 ξύλα
1384 5145 1571 5231 τετράγωνα
1593 5141 1676 5230 ἦσαν
1698 5147 1745 5221 alc
1767 5143 1821 5222 οὓς
1842 5145 1875 5211 οἱ
1889 5147 1987 5231 νόμοι

291 5259 518 5348 ἐνεγράφησαν
539 5261 606 5344 πρὸ
629 5263 685 5344 τῆς
706 5261 770 5324 τῶν
792 5258 969 5345 διφθερῶν
990 5257 1062 5344 ἤτοι
1078 5257 1201 5343 δέρρων
1223 5257 1391 5345 εδρέσεως·
1415 5262 1471 5322 καὶ
1494 5260 1529 5325 ἐν
1550 5257 1680 5333 τούτοις
1702 5259 1762 5342 μέν
1783 5270 1853 5334 τοῖς
1873 5257 1989 5334 άξοσιν

1487 5390 1492 5400 .
1778 5379 1812 5432 2.
