4694 5832
1115 423 1335 489 ..12-

376 611 409 679 oi
438 613 607 687 πολιτικοὶ
638 611 736 700 νόμοι
766 613 967 702 ἐγράφοντο·
1001 613 1034 680 oi
1062 614 1100 682 dd
1125 616 1191 682 τῶν
1219 616 1463 700 στρατιωτικῶν
1495 614 1672 696 xoroiloror
1701 614 1737 680 dv
1766 625 1836 691 τοϊς
1868 613 2023 702 κύρβεσιν
2051 612 2070 681 ὃ

374 723 596 812 retroversis
618 726 727 804 ξύλον,
749 749 824 811 quae
846 729 947 793 eadem
971 750 1045 810 esse,
1074 739 1163 812 atque
1191 749 1265 812 quae
1294 730 1462 812 Stephanus
1489 749 1524 792 ex
1548 731 1684 810 margine
1713 729 1866 794 cuiusdam
1897 729 2071 812 exemplaris

376 839 470 904 obiter
491 841 609 913 addidit,
639 859 728 904 nemo
751 859 813 904 uon
836 843 954 906 ridebit

460 955 497 1016 ht
529 953 659 1017 Vulcobii
691 953 831 1017 lectiones
863 973 898 1016 ex
935 962 1018 1036 parte
1051 954 1191 1016 deductas
1232 972 1298 1016 esse
1335 953 1372 1016 de
1409 953 1513 1018 Aldine
1552 953 1680 1035 quodam
1716 953 1875 1035 exemplari
1908 953 2071 1028 Plutarchi,

376 1067 459 1130 cuius
488 1066 610 1145 margini
637 1065 707 1128 olim
736 1067 869 1129 Nuretus
895 1068 1071 1148 ascripserat
1103 1074 1133 1130 et
1165 1066 1307 1129 librorum
1334 1065 1488 1130 varietates
1523 1076 1553 1129 et
1585 1083 1654 1129 suas
1687 1067 1885 1141 moiecturas,
1915 1074 2070 1148 postquam

376 1179 557 1242 Christianus
610 1179 690 1241 Walz
742 1179 834 1242 varias
881 1179 1022 1243 lectiones
1077 1179 1146 1242 inde
1192 1179 1297 1260 petitas
1345 1179 1376 1241 in
1424 1178 1655 1242 Zimmermanni
1696 1179 1792 1242 diurn.
1842 1179 1954 1260 antiqu.
1991 1177 2070 1242 1835

375 1311 404 1374 p.
432 1291 512 1352 1250
527 1310 570 1373 sq.
604 1291 774 1372 publicarit,
821 1291 936 1373 primus
968 1292 1110 1355 intellexit
1141 1291 1307 1354 Fridericus
1333 1291 1430 1364 Palm,
1469 1291 1519 1372 qui
1545 1291 1576 1353 in
1606 1291 1859 1354 observationibus
1895 1291 2003 1354 criticis
2040 1291 2071 1354 iu

375 1405 518 1486 quosdam
566 1403 713 1466 Plutarchi
750 1405 830 1466 locos
877 1403 1061 1484 (Zimmerm.
1103 1403 1200 1467 diurn.
1244 1405 1356 1486 antiqu.
1399 1403 1479 1468 1836
1520 1423 1549 1486 p.
1585 1403 1648 1464 449
1671 1409 1729 1483 sq.)
1772 1403 1985 1466 demonstrarit
2031 1402 2071 1465 ita

375 1516 548 1579 Vuleobium
571 1534 658 1578 usum
679 1516 736 1579 illis
758 1515 863 1579 liuretl
892 1517 995 1598 copiis,
1025 1528 1060 1580 ut
1086 1517 1205 1580 omissis
1228 1517 1361 1580 codicum
1392 1516 1594 1580 notationibus
1619 1515 1799 1578 describeret
1826 1535 1870 1586 ea,
1892 1535 1967 1596 quae
1994 1533 2071 1578 non-

375 1627 446 1690 dum
469 1647 484 1690 a
508 1627 659 1709 Stephano
682 1629 713 1690 in
735 1629 899 1692 orationem
921 1637 1039 1711 recepta
1064 1637 1171 1692 esseut.
1213 1629 1313 1710 Neque
1335 1649 1404 1692 rere
1426 1638 1478 1692 aut
1499 1629 1642 1691 Palmium
1670 1636 1721 1689 aut
1743 1627 1888 1690 Sinteuim
1912 1630 1987 1708 iugit
2009 1647 2070 1692 non

376 1740 525 1803 universas
541 1739 673 1804 Vulcobii
694 1741 835 1805 lectiones
856 1761 890 1804 ex
912 1742 969 1804 boc
985 1745 1068 1805 tonte
1082 1759 1226 1814 manasse,
1248 1742 1299 1822 qui
1321 1750 1432 1816 tamen,
1454 1743 1534 1804 unde
1550 1759 1593 1813 ea,
1615 1759 1689 1822 quae
1704 1741 1839 1804 Muretus
1859 1757 1920 1803 nou
1936 1741 2071 1812 hahebat,

375 1852 539 1926 uexbsem,
569 1871 630 1916 non
660 1855 841 1934 quaerebant
867 1854 917 1925 ita,
951 1867 985 1918 ut
1006 1855 1092 1935 louge
1114 1854 1307 1918 difficiliorem
1338 1855 1540 1935 quaestionem
1570 1853 1656 1916 nobis
1684 1853 1828 1934 integram
1861 1853 2069 1935 relinquerent.

374 1965 435 2028 Nec
456 1983 559 2029 rorum
582 1975 637 2038 est,
660 1966 738 2047 quod
761 1966 834 2029 dixit
856 1965 995 2056 Palmius,
1018 1966 1158 2048 pleraque
1180 1986 1233 2030 sua
1255 1985 1288 2029 ex
1310 1965 1417 2030 hlureti
1438 1967 1540 2031 Aldina
1563 1965 1735 2028 Vulcobium
1759 1965 1888 2047 petiisse,
1916 1975 1967 2029 aut
1997 1965 2067 2028 Sin-

376 2078 463 2153 tenis,
486 2078 645 2140 maximam
661 2087 774 2160 partem
796 2078 1042 2142 vulcobianarum
1066 2079 1134 2141 iude
1156 2080 1342 2160 desumptam
1366 2098 1441 2142 esse.
1484 2079 1577 2142 Naior
1600 2079 1678 2142 enim
1701 2097 1779 2159 pars,
1809 2078 1834 2140 si
1861 2079 1896 2141 ad
1929 2096 2069 2142 numeres

375 2198 406 2252 et
420 2190 563 2252 calculum
579 2209 643 2252 rem
666 2189 826 2263 revocabis,
850 2210 866 2253 a
888 2191 996 2254 htureti
1018 2191 1194 2254 lectionibus
1216 2192 1373 2254 dissentiet
1388 2192 1643 2256 Vulcobiaoarum.
1687 2191 1791 2273 Neque
1808 2193 1941 2272 prolecto
1962 2192 2069 2256 rectius

374 2301 447 2364 dixit
468 2302 598 2367 Sintenis
620 2303 815 2366 Vulcobianas
838 2303 955 2385 saepius
978 2304 1147 2384 depravatas
1169 2313 1220 2366 aut
1242 2304 1387 2384 Anonymi
1408 2304 1561 2384 scripturis
1584 2313 1710 2366 mutatas
1740 2323 1806 2368 esse
1832 2305 1862 2365 in
1890 2304 2069 2368 editionibus

374 2414 625 2486 Praueolurtanis‚
655 2416 765 2498 quippe
787 2435 862 2498 quas
884 2434 973 2479 nemo
995 2425 1065 2478 ante
1080 2416 1299 2479 recentissimos
1322 2417 1453 2478 editores
1481 2416 1687 2498 imprimisque
1716 2416 1864 2480 Sinteuim
1894 2418 2068 2497 corruperit,

374 2527 421 2590 eui
443 2537 494 2590 aut
515 2527 668 2591 lleishium
689 2537 793 2591 secuto
815 2535 866 2591 aut
888 2547 958 2592 suas
980 2527 1057 2591 haud
1079 2529 1178 2591 telices
1199 2528 1231 2590 in
1255 2529 1309 2592 hac
1329 2547 1362 2592 re
1385 2530 1568 2592 coniecturas
1590 2529 1770 2592 immiscenti
1785 2528 1903 2609 saepius
1922 2529 1979 2592 boc
1993 2531 2070 2592 acci·

373 2641 452 2702 disse
474 2641 655 2722 perlustrans
678 2641 741 2704 eius
757 2641 916 2704 editionem
933 2651 963 2703 et
977 2659 1151 2722 comparans
1173 2659 1240 2704 cum
1255 2641 1392 2704 Francoi.
1408 2643 1553 2724 perspexi.
1598 2642 1692 2715 Quam
1708 2659 1770 2704 rem
1788 2641 1834 2702 hic
1856 2659 1915 2704 uno
1935 2643 2069 2724 exemplo

374 2753 550 2816 eoniirmare
585 2755 658 2817 satis
692 2753 795 2816 babeo.
854 2754 963 2817 Fuerat
995 2754 1143 2834 quondam
1172 2755 1303 2817 incertus
1331 2754 1472 2828 Sintenis,
1504 2773 1571 2818 cum
1599 2755 1698 2816 ederet
1727 2753 1953 2816 Themistoclem
1987 2753 2068 2818 1832

373 2867 440 2947 (Ep.
462 2867 498 2928 ad
520 2866 593 2928 God.
617 2866 717 2928 llerm.
741 2886 769 2948 p.
785 2867 849 2944 42),
883 2867 961 2948 qnod
990 2866 1238 2929 animadverterat
1267 2866 1440 2928 Vulcobium
1475 2867 1510 2930 ad
1539 2867 1627 2930 vitam
1660 2865 1786 2928 Sertorii
1817 2865 1956 2929 undecies
1986 2864 2068 2930 κατὰ

373 2997 427 3060 pre
450 2975 534 3061 πρὸς
555 2988 676 3041 notasse
699 2986 729 3041 et
750 2979 925 3060 plerumque
956 2979 1076 3059 quidem
1098 2980 1177 3042 iusto
1199 2979 1337 3060 ineptius,
1365 2979 1434 3058 quid
1458 2979 1576 3042 tandem
1599 2978 1720 3052 luisset,
1749 2986 1871 3060 propter
1898 2969 1977 3060 quod
2008 2987 2065 3042 hm

372 3109 490 3152 exosam
516 3091 610 3154 luisse
635 3091 756 3154 alteram
777 3091 857 3154 illam
885 3091 1131 3173 praepositionem
1156 3093 1198 3163 ei,
1225 3091 1277 3172 qui
1304 3091 1366 3154 illas
1395 3093 1532 3154 conderet
1556 3091 1730 3172 scripturas,
1761 3091 1950 3172 probabiliter
1977 3093 2067 3157 statui

372 3214 483 3284 posset.
527 3204 629 3285 Neque
650 3203 741 3284 igitur
762 3203 834 3266 vidit
855 3203 944 3266 huius
967 3204 1177 3268 vicissitudinis
1201 3223 1302 3268 causas
1324 3223 1341 3265 a
1362 3204 1505 3282 siglorum
1528 3203 1731 3278 similitudine,
1759 3221 1820 3266 non
1843 3224 1859 3266 a
1881 3224 1971 3270 sensu
2001 3225 2067 3270 rer-

372 3314 477 3378 borum
500 3317 674 3397 repetendas
694 3335 760 3378 esse
780 3334 877 3396 neque
898 3333 1040 3397 umquam
1056 3317 1157 3388 inisse,
1178 3316 1225 3379 cui
1241 3335 1328 3378 erosa
1345 3327 1422 3378 esset
1438 3317 1614 3397 praepositio
1636 3313 1730 3400 πρὸς,
1754 3318 1804 3378 sed
1825 3319 1942 3399 saepius
1956 3320 2068 3384 tirones

372 3447 477 3509 parum
507 3447 677 3510 progressos
704 3430 736 3491 in
765 3429 1009 3511 compendiorum
1039 3429 1186 3492 solutione
1215 3427 1373 3492 accessisse
1400 3429 1435 3490 ad
1464 3429 1555 3490 libros
1576 3428 1763 3503 scribendos,
1791 3449 1850 3510 quo
1880 3450 1914 3492 ex
1943 3450 2067 3496 numero

372 3551 443 3612 erat,
466 3542 637 3622 quicunque
657 3551 725 3604 aute
746 3542 937 3604 undecimum
960 3542 1111 3604 saeculum
1133 3575 1184 3614 -,
1207 3519 1242 3604 eo
1265 3541 1345 3604 enim
1367 3541 1479 3604 recedit
1500 3541 1589 3604 huius
1612 3541 1711 3604 mendi
1727 3542 1809 3622 origo
1832 3577 1874 3590 -
1895 3543 2065 3607 describens

371 3652 521 3717 Plutarchi
546 3654 617 3716 ritas
640 3654 721 3716 bunc
747 3662 778 3716 et
799 3653 908 3716 similes
930 3671 1046 3716 errores
1072 3653 1183 3716 invexit
1210 3654 1242 3715 in
1268 3653 1470 3724 Plutarchum,
1504 3653 1548 3715 vir
1578 3671 1637 3716 non
1667 3673 1793 3734 magnae
1820 3655 1980 3729 doctrinae,
2012 3654 2064 3716 sed

371 3765 477 3845 plenos
500 3765 577 3828 iidei.
622 3765 679 3828 Sed
703 3765 730 3827 si
751 3765 824 3828 ritas
846 3766 960 3828 Aemilii
982 3765 1176 3830 Timoleontis
1198 3765 1323 3828 Sertorii
1346 3765 1534 3846 percensebia
1556 3783 1616 3828 non
1639 3766 1735 3828 solum
1759 3765 1851 3840 κατὰ,
1873 3767 1926 3829 sed
1947 3766 2064 3847 saepius

370 3879 457 3940 etiam
480 3877 537 3940 nol
559 3879 603 3940 rel
626 3877 682 3940 arel
705 3877 788 3962 πρὸς
810 3897 864 3959 pro
887 3875 971 3962 πρὸς
991 3897 1008 3940 a
1029 3879 1170 3942 tuteobic
1192 3891 1243 3941 aut
1266 3897 1300 3940 er
1323 3879 1424 3940 codiee
1445 3897 1465 3959 q
1487 3879 1633 3960 prolatum
1657 3898 1722 3941 esse
1744 3879 1886 3952 invenies,
1916 3877 1967 3940 ubi
1989 3896 2064 3940 con-

370 3998 485 4053 stanter
505 3991 639 4055 Sintenis
657 3991 689 4053 in
709 3999 851 4073 apparatu
873 3991 975 4053 critico
995 3991 1134 4052 editionis
1155 3991 1276 4054 maioris
1298 3991 1450 4054 annotarit
1470 3991 1619 4054 hariolans
1642 3991 1769 4055 voluisse
1792 4009 1844 4053 cos
1866 3988 1959 4052 κατὰ.
2004 3990 2062 4054 Sed

370 4102 401 4165 in
423 4103 570 4166 Marciano
586 4101 648 4166 386
670 4101 726 4165 aral
748 4121 803 4184 pro
819 4099 902 4185 πρὸς
922 4101 1028 4182 legitur
1047 4103 1078 4164 in
1104 4103 1159 4166 vita
1175 4103 1289 4165 Aemilii
1313 4104 1414 4166 novies
1437 4113 1466 4166 et
1488 4103 1619 4183 sexagies
1643 4104 1689 4180 (ll,
1709 4107 1735 4176 1,
1751 4106 1785 4179 4,
1810 4105 1837 4178 1,
1853 4102 1888 4177 9,
1913 4101 2014 4181 1,12,
2039 4105 2066 4174 1,

369 4213 427 4287 22,
449 4214 571 4292 4018,
598 4216 701 4290 41,3,
730 4215 781 4290 41,
797 4215 854 4290 21,
883 4214 1007 4290 41,32,
1036 4215 1086 4287 42,
1103 4213 1159 4290 23,
1191 4214 1317 4290 43,19,
1348 4215 1451 4290 45,3,
1484 4215 1608 4290 4613,
1641 4217 1692 4287 40,
1708 4217 1764 4291 24,
1792 4217 1842 4290 47,
1859 4215 1917 4290 24,
1944 4217 1995 4290 47,
2011 4214 2066 4289 25,

368 4325 420 4397 48,
436 4327 491 4401 24,
520 4326 643 4402 49,12,
670 4327 720 4400 49,
736 4326 794 4403 28,
816 4329 867 4401 50,
882 4327 917 4398 4,
945 4328 995 4401 50,
1013 4328 1067 4396 17,
1090 4327 1140 4400 50,
1157 4325 1214 4402 29,
1237 4327 1335 4400 522,
1357 4327 1481 4403 5218,
1505 4327 1632 4403 5219,
1655 4329 1706 4403 52,
1721 4327 1778 4404 21,
1795 4329 1845 4400 52,
1861 4329 1920 4402 25,
1943 4329 1993 4401 52,
2010 4327 2066 4400 27,

369 4441 420 4514 53,
439 4437 492 4515 18,
513 4440 565 4514 54,
581 4438 616 4514 2,
638 4441 689 4512 55,
705 4441 739 4515 5,
761 4441 811 4512 55,
830 4439 882 4514 17,
904 4441 954 4511 55,
969 4437 1025 4516 24,
1048 4441 1099 4512 55,
1115 4439 1170 4510 25,
1201 4441 1251 4511 55,
1268 4440 1326 4516 32,
1348 4441 1398 4512 56,
1414 4441 1448 4510 oz
1471 4441 1594 4516 5614,
1618 4439 1668 4514 56,
1685 4441 1741 4516 25,
1765 4443 1815 4514 57,
1831 4439 1869 4514 8,
1891 4439 1992 4514 58,5,
2015 4439 2065 4512 59,

368 4553 404 4623 6,
427 4551 553 4626 59,15,
576 4551 699 4626 5918,
720 4551 823 4628 60,1,
851 4552 973 4627 6010,
1003 4551 1054 4626 63,
1070 4553 1106 4628 5,
1135 4553 1186 4626 61,
1207 4555 1259 4624 10,
1282 4551 1333 4626 63,
1349 4553 1382 4622 9,
1405 4553 1502 4628 64,8,
1525 4554 1575 4627 65,
1594 4553 1649 4628 13,
1672 4554 1723 4626 65,
1738 4553 1797 4627 21,
1819 4553 1869 4626 66,
1886 4551 1922 4628 2,
1944 4552 1996 4627 66,
2011 4552 2066 4626 22,

368 4664 470 4738 67,7,
496 4664 547 4738 67,
566 4664 693 4738 10,67,
709 4661 766 4734 26,
799 4663 849 4736 67,
869 4665 921 4740 17,
941 4665 1064 4737 09,10,
1091 4665 1143 4741 07,
1159 4665 1216 4740 20,
1249 4663 1370 4740 67,17,
1400 4663 1526 4738 69,10,
1556 4664 1678 4741 09,12,
1712 4666 1762 4735 71,
1788 4667 1825 4726 14
1848 4665 1909 4739 blaa
1938 4665 1989 4738 71,
2014 4665 2067 4736 19,

368 4778 417 4844 71,
439 4777 495 4850 25,
526 4775 655 4852 7219,
693 4775 742 4846 73,
764 4777 798 4851 7,
833 4777 882 4848 73,
904 4777 959 4850 24,
998 4777 1049 4846 75,
1076 4776 1126 4852 12,
1166 4779 1216 4848 75,
1243 4777 1295 4852 13,
1329 4776 1380 4852 76,
1402 4775 1435 4858 8)
1468 4777 1498 4838 in
1536 4777 1721 4840 Timoleonte
1754 4777 1929 4858 quadragies
1962 4777 2066 4856 (112,

367 4886 426 4962 29,
456 4887 558 4962 3,10,
594 4888 698 4964 4,17,
731 4887 832 4963 423,
868 4887 949 4962 5,8,
982 4890 1089 4962 5,16,
1123 4890 1228 4964 7,19,
1261 4889 1289 4963 8,
1307 4891 1339 4966 7,
1373 4887 1461 4965 9,9,
1495 4886 1602 4964 9,11,
1635 4889 1742 4964 9,19,
1777 4891 1903 4962 10,11,
1940 4891 2066 4963 10,14,

371 5002 418 5072 10,
441 4998 494 5068 18,
531 4999 634 5071 11,8·,
664 5003 712 5072 11,
734 5001 790 5076 27,
821 5001 945 5076 12,11,
981 5003 1104 5076 12,12,
1141 5000 1189 5074 12,
1212 5001 1263 5073 18,
1300 5001 1347 5074 13,
1364 5001 1419 5077 28,
1457 5005 1504 5074 14,
1526 5003 1583 5078 20,
1618 5003 1743 5078 14,30,
1780 5003 1827 5075 16,
1850 5001 1906 5075 30,
1942 5002 2065 5075 17,15,

372 5113 418 5186 17,
434 5112 489 5186 32,
525 5113 649 5189 18,29,
693 5113 741 5180 19.
762 5114 817 5189 31,
849 5114 900 5186 21,
922 5116 954 5186 6,
993 5112 1123 5188 2314,
1156 5114 1206 5186 24,
1230 5113 1288 5190 27,
1328 5113 1436 5188 25,7,
1476 5117 1527 5190 25,
1547 5115 1602 5188 30,
1644 5115 1694 5188 27,
1718 5118 1751 5187 7,
1796 5115 1847 5188 33,
1867 5113 1924 5186 32,
1956 5112 2007 5184 34,
2030 5112 2064 5184 2,

367 5225 418 5298 34,
438 5224 472 5298 9,
506 5226 555 5296 35,
577 5225 611 5288 8:
646 5225 696 5298 36,
717 5225 775 5299 30,
808 5226 858 5296 81,
881 5226 940 5300 30,
973 5225 1130 5298 8231111
1157 5227 1291 5288 Sertorio
1317 5226 1426 5307 septies
1449 5237 1479 5290 et
1505 5229 1591 5290 vicies
1626 5226 1824 5304 (1118929,
1857 5225 1980 5302 9018,
2013 5226 2064 5297 92,
