4694 5832
1103 435 1323 499 ..24-

365 627 400 690 in
425 627 507 689 Pest
523 616 576 702 iit,
600 622 694 690 οὔπω
718 627 796 707 qnod
821 626 951 690 Sintenis
974 621 1009 701 ὃς
1031 622 1126 692 οὔπω
1150 648 1215 692 esee
1238 630 1363 702 censuit,
1391 630 1487 710 legam
1517 629 1656 710 equidem
1679 625 1760 692 όσον
1781 625 1885 692 οὔπω.
1909 665 1949 674 -
1984 629 2064 704 11,3

366 741 440 816 τῶι,
465 759 525 803 non
546 741 595 828 τῇ.
626 771 667 780 -—
700 740 1096 823 5κατεστρατηγετσθαι,
1125 759 1188 804 non
1216 741 1556 826 κατεστρατηγῆσθαι.
1590 778 1632 790 -
1670 741 1747 816 12,7
1775 735 1974 816 ύπόπτευον,
2002 759 2065 803 non

365 844 573 915 ύπάπτευον.
596 885 637 897 -
662 852 700 914 16
724 847 770 927 οἱ,
793 869 854 914 non
878 846 926 914 ού.
947 886 989 898 -
1016 854 1052 914 15
1074 849 1202 934 χιλίους
1224 851 1417 927 διακοσίους
1443 855 1494 917 sed
1517 873 1592 916 corr.
1615 862 1725 916 recent.
1749 872 1789 915 m.
1812 850 1929 932 χιλίων
1950 851 2064 917 διακο-

367 966 459 1028 σίων.
482 996 524 1006 -
545 963 586 1024 29
610 961 814 1047 περισκινάς,
837 981 898 1026 non
921 963 999 1048 περὶ
1022 962 1152 1049 σκηνάς.
1175 1001 1218 1012 -
1242 965 1327 1041 13,2
1349 961 1435 1030 ὅθεν
1456 964 1670 1050 διηρέθησαν.
1693 999 1734 1010 -
1761 965 1781 1026 4
1803 962 1980 1041 τοσούτων,
2005 985 2065 1028 non

369 1077 533 1140 τοσοῦτοι.
556 1111 598 1122 -
622 1077 660 1137 15
679 1071 869 1160 ,Κατάννης,
893 1095 954 1139 non
981 1073 1141 1161 Κατάνης.
1168 1115 1210 1124 -
1239 1079 1278 1141 19
1301 1076 1446 1163 ἔπεμψε,
1469 1096 1530 1143 non
1554 1076 1713 1162 ἔπεμψεν.
1744 1109 1785 1120 -
1812 1078 1853 1138 20
1875 1073 1976 1161 αὐτῷ,
2004 1094 2065 1139 non

366 1184 474 1252 αὐτόν.
498 1224 540 1234 -
565 1189 613 1264 14,
631 1189 649 1252 3
671 1188 730 1252 τοῦ
751 1186 940 1270 μολίοντος,
965 1207 1025 1252 non
1048 1187 1107 1254 τοῦ
1133 1189 1360 1274 Τιμολέοντος.
1377 1227 1418 1238 -
1434 1191 1453 1254 3
1469 1191 1611 1274 πρῶτος,
1635 1209 1694 1252 non
1710 1190 1851 1272 πρῶτον.
1866 1223 1908 1234 -
1927 1191 1961 1252 11
1981 1211 2067 1274 παρ-

366 1301 865 1384 θένους,1ιοιιπαρθένων.-
891 1305 924 1363 11
951 1298 1062 1378 έπιδε,
1090 1322 1152 1365 non
1174 1300 1298 1366 έπετδε.
1325 1340 1368 1352 —
1401 1306 1438 1367 17
1462 1305 1608 1380 θεάσασ,
1638 1322 1699 1366 oon
1727 1299 1938 1366 θεάσασθαι.
1960 1338 2003 1348 -
2025 1302 2067 1363 24

367 1415 399 1476 in
415 1413 438 1475 P
454 1423 500 1476 cst
523 1405 563 1478 33
577 1407 696 1490 ἐκεῖνο,
720 1416 800 1496 qood
816 1416 946 1478 Sintenis
967 1416 1038 1496 legit
1059 1411 1095 1490 ὅς
1117 1413 1233 1490 έκεῖνο,
1266 1434 1319 1496 ego
1341 1416 1435 1498 legam
1458 1411 1539 1480 δσον
1560 1413 1676 1479 ίνεῖνο.
1697 1451 1741 1464 ·-
1767 1416 1808 1476 27
1831 1417 2066 1497 κεκραμμένον,

367 1542 427 1587 non
451 1529 657 1610 κεκραμένον.
680 1563 722 1572 -
747 1529 831 1602 15,4
853 1525 970 1611 φύσην,
994 1524 1189 1612 11ο11φύσιν.
1215 1561 1258 1576 -
1287 1531 1306 1590 5
1330 1523 1539 1614 ἀβελτηρίαν,
1564 1547 1624 1591 non
1648 1523 1848 1611 ἀβελτερίαν.
1882 1561 1920 1572 -
1954 1527 1993 1589 14
2016 1525 2066 1604 δὲ,

368 1656 428 1700 non
451 1636 497 1702 δ’.
518 1673 562 1686 -·
586 1639 624 1701 16
646 1635 874 1720 χλευάζοντας,
897 1659 957 1703 non
979 1635 1200 1720 χλευάζοντος.
1231 1673 1274 1686 -
1304 1641 1343 1704 19
1365 1643 1535 1726 φέροντος,
1558 1661 1619 1705 non
1643 1643 1807 1726 φέροντες.
1834 1673 1878 1686 -
1911 1639 1994 1715 16,7
2017 1636 2067 1716 δὲ,

367 1769 428 1814 non
450 1749 496 1814 δ’.
524 1788 566 1796 —-
597 1753 634 1813 11
658 1748 865 1834 έγγειρόσας,
888 1770 950 1816 non
972 1749 1164 1837 ἐγγηράσας.
1186 1789 1229 1802 -
1260 1754 1299 1816 16
1322 1747 1525 1840 ἀφιγμένην,
1548 1771 1609 1818 non
1632 1749 1831 1837 ἀφιγμένων.
1853 1787 1897 1798 -
1919 1753 1959 1815 23
1980 1749 2067 1832 ἔσχε,

368 1883 430 1928 non
452 1861 555 1945 ἔσχεν.
577 1900 621 1912 -
643 1865 694 1938 17,
709 1865 749 1926 25
773 1860 945 1946 πόρρωθε,
969 1885 1028 1928 non
1051 1862 1239 1950 πόρρωθεν.
1262 1900 1305 1912 -
1326 1867 1367 1930 29
1388 1866 1439 1943 τδ,
1463 1886 1525 1929 non
1547 1867 1603 1951 τῷ.
1624 1899 1668 1912 —·
1697 1865 1772 1940 18,1
1798 1863 1848 1942 δέ,
1872 1884 1934 1928 non
1957 1862 2004 1927 δ’.
2026 1899 2069 1909 -

370 1978 407 2039 15
426 1976 705 2060 προςδοκομένην,
729 1995 790 2040 oon
805 1975 1095 2062 προσδοκωμένην.
1110 2013 1154 2024 -
1171 1977 1219 2053 19,
1239 1981 1271 2040 11
1293 1974 1382 2055 οὐδὲ,
1406 1997 1468 2042 non
1481 1973 1568 2044 εὗδ’.
1589 2013 1633 2024 -
1656 1978 1695 2040 19
1711 1975 1833 2052 δίδοσί,
1855 1996 1917 2040 non
1937 1974 2067 2040 δίδωσί.

367 2121 410 2134 -·
431 2089 471 2152 30
494 2084 625 2166 αύτούς,
648 2109 711 2153 non
733 2085 840 2164 αύτος.
862 2124 905 2134 -
927 2090 977 2166 20,
993 2091 1034 2152 22
1057 2087 1177 2174 πάλην,
1200 2109 1263 2155 non
1286 2088 1396 2155 πόλιν.
1425 2128 1467 2138 -
1495 2093 1535 2154 23
1558 2089 1608 2168 δέ,
1637 2109 1697 2153 non
1720 2089 1763 2154 δ’.
1790 2126 1834 2140 —
1862 2092 1903 2153 27
1926 2087 1976 2165 δέ,
2006 2107 2066 2152 non

368 2201 411 2266 δ’.
433 2235 477 2248 -
499 2202 539 2267 28
563 2197 750 2281 ἀπεχθιῶν,
775 2221 836 2265 non
860 2198 1062 2282 ἀπεχθειῶν.
1083 2237 1127 2252 —
1149 2205 1199 2278 21,
1216 2203 1256 2266 29
1280 2199 1365 2280 ἀλλ’,
1388 2223 1450 2268 non
1472 2201 1566 2268 ἀλλὰ.
1593 2237 1636 2248 -
1662 2203 1713 2277 22,
1730 2203 1749 2266 8
1769 2199 1865 2286 μηδὲ,
1897 2220 1957 2265 non
1978 2199 2067 2285 μηδ’.

367 2349 411 2361 -
436 2315 473 2378 13
495 2310 741 2398 θαυμάζουσιν,
764 2332 826 2377 non
848 2310 1077 2397 θαυμάζωσιν.
1092 2349 1136 2360 -
1153 2317 1191 2379 19
1208 2317 1411 2400 προσέθηκε,
1436 2335 1496 2380 non
1514 2318 1734 2401 προσέθηκεν.
1749 2349 1793 2360 -
1807 2313 1859 2390 23,
1878 2317 1912 2376 11
1931 2306 2068 2396 ἀγορὰς,

368 2445 430 2492 non
453 2423 584 2510 ἀγοράς.
605 2461 649 2474 -
678 2427 717 2490 12
740 2425 907 2503 πολιτίας,
930 2445 992 2490 non
1015 2425 1196 2502 πολιτείας.
1224 2463 1268 2474 -
1296 2430 1378 2502 24,1
1404 2427 1475 2506 tut,
1500 2447 1561 2492 non
1585 2423 1652 2493 ἀπ’.
1681 2464 1725 2476 -
1758 2429 1778 2490 9
1800 2425 1850 2503 δέ,
1875 2423 2070 2490 11011δὶ-

368 2541 419 2614 25,
433 2541 472 2603 27
497 2534 546 2617 δὲ,
570 2558 632 2603 non
654 2561 698 2602 τε.
726 2573 770 2584 -
798 2538 901 2619 26,12
924 2537 970 2616 δ’,
994 2559 1056 2602 non
1079 2537 1125 2604 δέ.
1158 2576 1201 2588 -
1235 2542 1276 2604 29
1298 2539 1551 2619 δυσελπιστίαν,
1574 2561 1637 2606 non
1660 2537 1926 2605 δυσελπιστείαν.
1956 2573 1999 2584 -
2028 2539 2069 2600 24

370 2653 508 2736 ίσθμία,
525 2671 587 2717 11011
594 2648 742 2734 Ἰσθμια.
757 2687 800 2698 -
815 2653 865 2724 27,
882 2651 901 2714 9
917 2649 967 2729 δὲ,
984 2671 1046 2716 non
1061 2651 1105 2716 δ’.
1121 2689 1163 2700 -
1188 2654 1227 2716 12
1243 2649 1489 2738 ἆναθυμιάσην,
1504 2675 1565 2718 non
1582 2650 1823 2738 ἀναθυμίασιν.
1838 2687 1882 2698 -
1896 2651 1947 2725 28,
1963 2654 1977 2713 1
1994 2649 2070 2726 τούς

368 2763 632 2850 μαχιμωτάτους,
655 2783 716 2827 non
737 2765 775 2828 τδ
797 2761 1039 2848 μαχιμῶτατον.
1054 2801 1097 2812 —
1117 2765 1168 2841 29,
1186 2767 1225 2828 14
1240 2763 1405 2850 χειμόνος,
1428 2785 1490 2830 non
1505 2767 1676 2849 χειμῶνος.
1691 2802 1734 2812 -
1756 2767 1796 2828 24
1812 2762 1899 2840 οὔτε,
1915 2783 1976 2828 non
1993 2760 2069 2828 οὔτ’.

368 2913 411 2924 -
421 2879 461 2940 25
476 2874 660 2956 τοσούτοις,
672 2894 735 2940 non
746 2874 931 2952 τοσούτους.
942 2877 1047 2952 -.30,
1060 2877 1079 2942 8
1091 2876 1138 2955 δ’,
1155 2897 1215 2942 non
1226 2875 1271 2942 δέ.
1283 2913 1326 2925 -
1338 2879 1378 2942 30
1391 2877 1585 2962 Μάμερκον,
1603 2898 1662 2942 noo
1675 2875 1827 2962 μάκερον.
1840 2910 1883 2923 -
1894 2876 1944 2952 31,
1959 2879 1997 2939 15
2014 2875 2069 2939 καὶ

368 2992 466 3066 habet,
482 3011 542 3054 non
558 2991 667 3054 omisit.
683 3024 726 3038 -
741 2991 779 3054 31
797 2986 1158 3074 προσπηλακιζύμενοι,
1182 3010 1242 3055 non
1264 2985 1603 3076 προπηλακιζόμενοι.
1619 3026 1662 3038 -
1678 2992 1777 3066 32,11
1797 2994 1985 3077 Δαμυρίαν,
2008 3008 2069 3053 non

369 3103 558 3189 διαμυρίαν.
579 3137 622 3150 -·
646 3105 681 3166 11
700 3101 910 3187 διαβεβηκός,
926 3121 988 3166 non
1003 3101 1219 3186 διαβεβηκώς.
1244 3137 1288 3150 -
1314 3105 1354 3168 24
1371 3103 1649 3184 ἴδον,1ιουείδον.
1672 3139 1715 3150 -
1737 3105 1778 3167 27
1794 3103 1992 3180 ἐξεδέξαντο,
2008 3122 2071 3168 non

368 3215 532 3290 έδέξαντο.
543 3251 587 3263 -
602 3215 684 3292 33,6
701 3218 995 3300 κατηγοριθείσαν,
1012 3235 1074 3280 non
1097 3219 1395 3302 κατηγορηθείσαν.
1409 3253 1453 3262 -
1468 3217 1518 3292 33,
1533 3219 1571 3280 17
1587 3218 1652 3280 τῶν
1667 3216 1821 3299 περὶτῶν
1836 3218 1914 3299 (sic),
1930 3235 1992 3280 non
2007 3216 2072 3280 τῶν

369 3329 447 3414 περὶ
462 3329 528 3395 τόν.
543 3361 586 3375 -
601 3328 705 3405 34,18
721 3324 967 3412 Συρακούσσας,
984 3347 1046 3392 non
1062 3325 1283 3412 Συρακούσας.
1298 3363 1342 3376 -
1361 3331 1402 3392 27
1418 3328 1465 3406 δ’,
1482 3347 1543 3394 non
1559 3327 1605 3392 δὲ.
1621 3366 1664 3376 -
1679 3330 1729 3406 35,
1743 3329 1762 3392 3
1778 3327 1937 3406 ίξελαίας,
1959 3349 2020 3393 non
2036 3325 2073 3399 έζ

364 3439 484 3516 Ἐλέας.
499 3476 544 3490 --
564 3441 787 3527 ὅπαρασχῶν,
804 3461 865 3505 non
879 3439 1067 3524 παρασχών.
1090 3475 1133 3486 -
1155 3440 1196 3504 32
1209 3439 1413 3522 δυσαγῶνας,
1430 3461 1490 3505 non
1504 3439 1707 3522 δυσάγωνας.
1727 3477 1771 3492 ·-
1793 3436 2071 3527 36,10.1ὀρρακό-

370 3573 453 3632 σιοι,
469 3573 532 3619 non
545 3551 756 3637 Συρακόσιοι.
770 3589 814 3602 -
829 3553 867 3617 31
885 3555 1160 3638 Συρρακουσίους,
1176 3571 1237 3618 non
1253 3557 1485 3636 Συρακοσίους.
1499 3591 1543 3604 -
1559 3555 1609 3632 37,
1626 3557 1645 3617 7
1660 3546 1814 3640 ἀνδρίαν,
1831 3574 1891 3618 non
1907 3550 2071 3636 ἀνδρείαν.

369 3701 412 3716 -
439 3669 480 3731 24
502 3667 551 3744 δ’,
580 3686 641 3731 non
663 3665 710 3732 δέ.
737 3701 782 3714 -
813 3667 854 3729 29
876 3668 1123 3750 Συρρακοσίων,
1150 3684 1212 3731 non
1234 3669 1457 3751 Συρακοσίων.
1490 3701 1534 3713 -
1566 3667 1606 3731 30
1629 3665 1789 3748 ἄγεσθαι,
1824 3687 1885 3732 non
1908 3663 2071 3746 ἄγασθαι.

368 3816 412 3828 -
435 3781 485 3857 38,
501 3783 541 3844 25
565 3783 816 3866 Συρρακοσίοις,
839 3798 900 3843 non
923 3781 1150 3862 Συρακοσίοις.
1172 3816 1216 3828 -
1237 3781 1277 3842 27
1301 3779 1397 3844 τότε
1420 3777 1516 3856 ἄλλα,
1539 3799 1600 3844 non
1622 3778 1664 3844 τά
1684 3779 1719 3844 τ’
1739 3777 1833 3845 ἄλλα.
1848 3816 1891 3826 -
1907 3779 1957 3854 39,
1973 3782 1992 3842 7
2007 3783 2073 3844 Συ-

373 3897 574 3977 ρακουσίων,
597 3912 656 3957 non
679 3885 902 3978 Συρακοσίων.
924 3927 968 3938 -
989 3891 1009 3954 9
1032 3891 1082 3970 δέ,
1105 3912 1165 3957 non
1188 3891 1232 3957 δ’.
1246 3927 1290 3940 -
1314 3893 1353 3957 13
1369 3891 1517 3978 οἰκήσας,
1542 3912 1603 3957 non
1619 3893 1759 3968 οίκίσας.
1780 3929 1823 3939 -
1837 3893 1904 3956 Exit
1919 3893 2073 3956 Timoleon

369 4008 419 4070 iol.
443 4008 505 4070 212
525 4027 584 4072 ar.
599 4009 629 4070 4.
673 4005 756 4070 Hanc
778 4006 885 4086 excipit
907 4005 1094 4087 Comparatio
1116 4009 1199 4070 nullo
1221 4007 1308 4070 titolo
1331 4015 1435 4070 ornata
1458 4027 1483 4069 r.
1507 4009 1543 4069 5:
1566 4007 1601 4082 11,
1617 4005 1703 4080 81,4
1727 4008 1982 4091 Συρρακοσίους,
2010 4025 2073 4068 non

369 4122 601 4204 Συρακοσίους.
623 4153 666 4164 -
693 4119 712 4180 7
735 4115 987 4203 παρηνόμησαν,
1016 4138 1078 4182 non
1108 4116 1352 4204 παρενόμησαν.
1375 4154 1417 4165 -
1442 4121 1479 4181 10
1502 4119 1736 4202 Συρακοσσῶν,
1760 4137 1822 4182 non
1844 4120 2072 4204 Συρακουσῶν.

369 4267 411 4278 -
437 4233 474 4296 12
497 4232 737 4314 αλτισαμίνοις,
760 4249 823 4295 non
838 4224 1080 4316 αἰτησαμένοις.
1095 4268 1137 4280 -
1152 4233 1194 4296 26
1216 4227 1312 4317 ύβρη,
1328 4251 1389 4296 non
1405 4226 1507 4316 ύβρει.
1555 4233 1733 4314 11111οο1111).
1755 4232 1806 4295 iol.
1822 4232 1923 4296 2191.
1939 4242 2072 4296 extremo

371 4361 466 4422 remu,
490 4347 541 4429 qui
564 4353 609 4409 est
630 4345 682 4408 22.
703 4378 747 4391 -

455 4460 534 4522 liaeo
556 4459 592 4522 de
615 4457 779 4522 Plutarcho.
801 4491 845 4502 -
866 4457 925 4520 Sed
948 4475 1017 4520 cum
1039 4457 1069 4520 1δ
1091 4477 1173 4540 agam
1198 4457 1255 4520 hoo
1275 4459 1350 4534 ίοοο,
1381 4466 1415 4521 nt
1437 4477 1471 4520 ox
1492 4456 1568 4520 libro
1590 4457 1738 4520 Marciano
1761 4457 1823 4522 386
1845 4477 1887 4532 eo,
1911 4475 1986 4540 qnae
2009 4475 2074 4520 me·

371 4573 464 4636 moria
487 4573 676 4653 dignarum,
699 4571 799 4634 omnia
821 4574 956 4646 referam,
985 4571 1133 4652 reliquum
1162 4581 1217 4645 eet,
1244 4579 1279 4634 ot
1301 4570 1408 4653 publici
1434 4571 1508 4634 ioris
1528 4571 1632 4633 faciam
1656 4571 1728 4634 iilud
1751 4571 1962 4652 fragmentum,
1985 4571 2074 4652 qood,

374 4695 519 4764 utsupra
543 4685 611 4758 6111,
642 4686 674 4748 in
702 4693 833 4748 extremo
865 4683 934 4746 tolio
961 4685 1049 4746 huius
1075 4684 1143 4747 libri
1165 4684 1309 4765 seriptum
1338 4693 1442 4757 exstat,
1476 4683 1626 4765 Epitomes
1649 4681 1793 4746 Zenodori
1816 4683 1927 4746 scilicet
1949 4683 1985 4744 de
2013 4681 2074 4744 iio-

371 4798 445 4861 meri
469 4799 683 4862 consuetudine
707 4807 735 4861 et
754 4797 833 4878 quod
850 4797 927 4878 typis
947 4797 1082 4860 nondum
1099 4796 1281 4878 exscriptum
1301 4816 1366 4860 εεεε
1387 4805 1477 4878 puto3
1506 4796 1589 4858 coins
1618 4795 1764 4858 Zenodori
1791 4795 1974 4857 mentionem
2004 4793 2076 4856 iecit

372 4908 669 4974 8ο1101.εδ11.1356
693 4911 739 4974 his
762 4909 874 4973 verbis:
896 4905 1080 4994 Ζηνοδῶρῳ
1102 4908 1148 4994 τῷ
1160 4905 1388 4994 συγγράψαντι
1400 4907 1478 4992 περὶ
1505 4907 1562 4992 τη“ς
1580 4903 1727 4990 Ὁμήρου
1739 4909 1920 4991 συνηθείας
1936 4905 1978 4968 τὰ
1995 4903 2075 4969 δέκα

252 5071 255 5080 .
371 5021 488 5106 βιβλία
504 5025 750 5106 συγγέγραπται
766 5021 822 5086 καὶ
838 5023 916 5106 περὶ
930 5018 1049 5086 τούτου
1064 5023 1122 5086 τού
1136 5019 1243 5086 τόπου
1258 5045 1285 5084 κ.
1301 5044 1329 5084 τ.
1345 5020 1374 5086 λ.
1405 5023 1477 5086 Eius
1492 5039 1602 5084 nomen
1618 5039 1685 5084 oum
1702 5022 1852 5102 qnondam
1868 5020 1916 5081 Fr.
1937 5018 2075 5082 Osannos

372 5145 493 5200 secutus
508 5136 639 5199 codicem
655 5137 735 5200 Leto.
756 5137 889 5213 (Quaest.
904 5135 990 5197 Hom.
1008 5135 1021 5196 1
1039 5135 1141 5198 Giseae
1158 5133 1252 5211 1851)
1274 5135 1374 5217 inepto
1389 5143 1534 5197 mutatum
1550 5134 1691 5196 voluisset
1706 5134 1737 5196 in
1754 5133 1908 5206 Zenodoti,
1933 5131 2074 5194 Lehrsioo

372 5269 476 5313 rursus
499 5249 529 5311 in
553 5247 627 5312 libro
648 5250 684 5312 de
707 5249 796 5314 Arist.
819 5247 897 5310 stud.
918 5247 1005 5310 Hom.
1028 5267 1056 5330 p.
1073 5247 1135 5310 219
1158 5249 1344 5322 restituisset,
1367 5246 1520 5324 eMiiiero,
1542 5267 1609 5310 com
1631 5246 1687 5308 iter
1709 5265 1761 5328 per
1776 5245 1920 5308 Athonem
1945 5253 2074 5307 montem
