4694 5832
1059 417 1256 478 ..η-

310 647 351 659 -
373 613 392 674 5
417 606 589 695 Φρεάριος,
612 627 671 674 σου
695 607 885 695 Φρεάρριος.
910 646 950 656 -
971 611 991 672 9
1014 603 1137 692 ῶσπερ,
1160 628 1220 673 non
1241 603 1323 672 ὥστε
1339 627 1414 672 που.
1437 644 1479 655 -
1509 609 1544 670 11
1571 604 1670 684 αύτῶ,
1694 627 1756 674 non
1778 604 1878 672 αύτού
1899 643 1941 653 --
1965 609 2004 670 14

310 723 518 800 έπισκοπῶν,
534 743 594 786 non
607 721 836 787 ἐπισκώπτων.
848 759 889 768 -
908 724 997 786 Cam.
1014 723 1034 794 1,
1050 722 1122 796 252,
1138 721 1179 784 23
1195 722 1373 806 Φρουρίου,
1390 741 1452 784 non
1467 722 1622 804 Φουρίου.
1639 757 1678 766 -
1696 721 1736 784 30
1752 717 2003 796 ἀποδεικνύναι,

311 857 373 902 non
396 829 676 902 ἀποδείκνυσθαι.
700 873 740 882 -
763 837 892 911 25314
915 825 1110 920 Φρουρίων,
1124 853 1184 898 non
1209 836 1369 918 Φουρίων.
1393 871 1431 878 -
1459 835 1497 896 17
1519 831 1663 918 δίκτωρι,
1686 852 1747 897 non
1768 831 1947 918 δικτάτορι.
1963 869 2006 880 -

311 950 352 1013 20
375 947 549 1034 παρέλκον,
571 967 631 1013 non
654 947 836 1030 παρέλκων.
858 985 900 994 -·
924 947 963 1009 22
986 949 1060 1022 τῶν,
1083 965 1145 1010 non
1168 947 1232 1010 τῶν
1252 947 1297 1010 τ’.
1322 981 1361 992 -
1385 947 1425 1008 24
1448 945 1509 1030 γάρ
1531 947 1669 1030 τιμητοῦ
1691 945 1793 1012 αύτού
1816 943 1920 1024 ὄντος,
1943 967 2004 1012 non

310 1073 348 1139 δὲ
363 1071 466 1142 αύτού
479 1071 718 1159 τιμητεύοντος.
732 1111 772 1121 -
790 1073 830 1136 28
846 1075 901 1137 καί
916 1073 963 1167 τβ,
980 1093 1040 1137 non
1056 1072 1092 1136 τό
1109 1071 1174 1136 καί.
1187 1109 1228 1119 -
1244 1073 1278 1134 31
1297 1073 1422 1155 Βηλων,
1435 1091 1496 1137 non
1515 1065 1654 1156 Ούηίων.
1667 1109 1709 1118 -
1725 1073 1761 1135 31
1785 1049 1870 1140 ἔνιδλ
1894 1067 2002 1138 ένετα-

310 1187 395 1263 νυύς,
428 1207 488 1252 σου
516 1186 599 1252 ἔνιοι
630 1183 875 1271 Ούηϊεντονούς.
903 1221 944 1232 -
970 1186 1077 1260 254,7
1104 1187 1226 1268 μακρὰ,
1250 1205 1311 1249 non
1333 1182 1469 1268 μεγάλα.
1496 1219 1538 1232 -
1573 1187 1610 1248 10
1634 1182 1757 1269 λργοίδη
1781 1185 1837 1248 καί
1858 1186 2006 1270 χαλεπὴν

310 1302 487 1384 γενομένην
509 1302 618 1364 omissa
642 1301 673 1364 in
698 1308 778 1364 textu
801 1301 832 1362 in
855 1301 987 1382 margine
1009 1298 1121 1361 addidit
1143 1318 1181 1360 m.
1207 1319 1264 1361 rec.
1287 1333 1328 1344 -
1361 1298 1399 1361 12
1422 1296 1622 1382 στρατεύειν,
1647 1317 1707 1361 non
1728 1295 1791 1371 ἔξω
1808 1295 2004 1382 στρατεύειν.

311 1449 353 1459 -
375 1413 415 1477 26
438 1411 668 1496 περ1,οοιιτδ
692 1409 779 1494 περὶ.
803 1449 844 1460 -
866 1413 907 1474 29
929 1411 1104 1498 έβύφησεν,
1126 1430 1187 1475 non
1210 1409 1384 1494 ἐφόβησεν.
1412 1447 1453 1456 -
1481 1411 1521 1472 30
1544 1403 1618 1474 ούτε
1640 1405 1821 1494 ὕπομβρον,
1848 1431 1910 1476 non
1933 1407 2003 1476 οὔτ’

313 1524 490 1610 ἔπομβρον.
513 1561 555 1572 -
577 1525 677 1600 255,1
703 1520 840 1605 άντείχε,
866 1543 927 1588 non
950 1521 1093 1606 ἀντέσχε.
1119 1559 1162 1570 -
1191 1525 1229 1585 17
1252 1526 1379 1607 βηίους,
1409 1543 1469 1588 non
1496 1518 1645 1608 Ούηίους.
1676 1561 1716 1568 -
1745 1525 1821 1588 Per.
1840 1526 1860 1598 Ι,
1876 1525 1947 1598 298,
1964 1524 2004 1587 32

313 1636 386 1702 ἐπεὶ
409 1639 513 1704 κυνῶν
534 1660 570 1701 τε
592 1641 648 1700 καί
671 1635 829 1720 πιθήκων
851 1635 980 1716 ἔκγονα,
1004 1655 1064 1700 σου
1087 1635 1172 1700 ἐπεὶ.
1200 1671 1240 1682 -
1268 1635 1372 1710 299,4
1394 1633 1453 1719 την
1476 1633 1612 1720 πληγὴν,
1645 1655 1706 1700 non
1728 1635 1783 1720 τῆς
1806 1635 1940 1721 πληγῆς.
1964 1673 2004 1684 -

315 1753 352 1813 14
375 1749 422 1826 d',
446 1769 506 1814 non
529 1749 576 1813 δέ.
600 1783 642 1796 -
664 1750 704 1812 24
729 1753 785 1834 τῷ,
809 1768 869 1812 non
893 1745 986 1814 ούτω.
1011 1785 1050 1794 -
1074 1751 1114 1812 26
1137 1747 1313 1832 ψάλλοντα
1328 1749 1408 1830 (sie),
1433 1767 1498 1811 οοο-
1514 1745 1677 1832 ψήλαντα.
1703 1783 1741 1794 -
1763 1748 1804 1812 28
1827 1751 1921 1834 νέμη,
1945 1767 2004 1812 non

311 1865 413 1946 νέμει.
436 1899 478 1909 -
501 1863 604 1938 300,2
628 1859 790 1947 Φιλήμην,
814 1881 874 1926 non
899 1861 1051 1945 Φιλητᾶς.
1076 1897 1118 1908 -
1142 1863 1180 1923 10
1203 1859 1451 1944 ἐργασαμένους,
1474 1878 1536 1923 non
1559 1861 1799 1944 εἰργασμένους.
1822 1897 1857 1908 -
1873 1863 1913 1924 27
1936 1861 2004 1938 καί,

311 1994 373 2039 non
388 1973 425 2040 δέ
440 1975 504 2038 καί.
521 2011 561 2020 -
585 1975 656 2051 301,
672 1975 691 2038 3
707 1977 746 2059 τῆ
761 1974 897 2060 κεφαλῇ,
919 1993 980 2036 non
996 1973 1054 2057 τὴν
1069 1971 1223 2058 κεφαλὴν.
1246 2009 1288 2018 -
1311 1974 1330 2036 9
1344 1977 1484 2055 χείροσι,
1508 1992 1569 2036 non
1586 1975 1743 2057 Χείρωσι.
1759 2010 1801 2019 -
1819 1975 1857 2036 10
1873 1971 2001 2059 χρόνος,

312 2106 373 2151 non
400 2087 532 2170 Κρόνος.
558 2119 597 2133 —
621 2089 660 2152 12
682 2083 775 2170 μόλε,
799 2107 860 2150 non
886 2083 987 2150 Mo‘k’.
1011 2121 1051 2132 -
1076 2087 1114 2147 12
1137 2089 1270 2168 μέγιστε
1293 2087 1347 2148 καί
1369 2084 1522 2169 μακάριε,
1547 2105 1606 2150 uon
1629 2084 1714 2159 ξένιε
1736 2085 1792 2149 καί
1815 2090 1940 2170 καραιέ.
1963 2123 2005 2132 -

311 2200 363 2277 [Ex
374 2201 474 2276 Fabio,
490 2201 540 2283 qui
555 2221 571 2263 a
586 2211 696 2263 recent.
712 2219 801 2263 manu
818 2201 944 2281 scriptus
960 2209 1014 2274 est,
1034 2201 1083 2262 hic
1098 2200 1237 2262 Ιεοῑίοοοε
1253 2201 1433 2262 ε11εεεοιιοο
1449 2200 1644 2262 necessarium
1661 2201 1795 2278 videm]
1811 2235 1853 2244 —
1868 2201 2003 2280 Agesil.

311 2332 380 2376 vero
403 2313 451 2388 111,
469 2313 538 2384 142,
555 2313 595 2376 26
619 2313 707 2376 habet
728 2313 892 2376 Marcianus
916 2311 977 2376 385
1002 2310 1202 2394 Λαμπιδοῦς
1224 2321 1253 2375 et
1270 2308 1362 2390 ”Ayw
1377 2321 1407 2374 et
1422 2308 1601 2386 Εύπολίας.
1624 2347 1663 2358 -
1688 2311 1727 2372 27
1747 2310 2004 2396 Μελησιππίδα.

312 2457 353 2470 -
375 2425 415 2488 29
437 2421 613 2506 βιοτεύειν,
636 2444 697 2488 non
720 2424 915 2507 βιοτεύσειν.
938 2461 979 2469 -
1002 2425 1042 2486 32
1065 2423 1328 2508 προσειρῆσθαι,
1353 2443 1413 2486 non
1430 2423 1733 2508 προσηγορεῦσθαι.
1753 2461 1794 2470 -
1819 2425 1923 2499 1435
1946 2425 2005 2489 τού

313 2532 489 2620 ἄρχεσθαι,
512 2557 573 2600 non
596 2535 770 2622 ἄρχεσθαι.
793 2573 834 2582 -
857 2540 875 2598 7
900 2535 1017 2600 ἑαυτὸν
1038 2553 1100 2600 non
1122 2530 1230 2600 αύτδν.
1254 2571 1294 2582 -
1317 2537 1336 2598 8
1358 2535 1404 2622 τῷ
1426 2533 1524 2621 φύσει
1547 2535 1710 2622 βασιλικῷ
1731 2537 1787 2600 καί
1809 2535 2004 2624 ἡγεμονικῷ,

312 2667 373 2713 σου
394 2650 440 2734 τῷ
462 2643 564 2734 φύσει
587 2647 770 2735 ἡγεμονικῷ
792 2649 846 2712 καί
870 2647 1033 2732 βασιλικῷ
1060 2683 1100 2692 -
1132 2651 1167 2709 11
1193 2651 1476 2732 συστρεφομένων,
1505 2667 1566 2712 σου
1590 2653 1868 2734 συντρεφομένων.
1894 2687 1938 2698 -
1967 2652 2005 2714 19

312 2759 331 2845 ἢ
352 2763 398 2847 τῷ
418 2759 503 2836 τούς,
526 2781 587 2825 σου
610 2760 631 2846 ἢ
652 2764 736 2837 τούς.
758 2799 800 2808 -
823 2763 863 2824 27
886 2759 1106 2824 πλαστῶν-
1127 2761 1289 2844 μιμητῶν,
1317 2779 1379 2824 non
1401 2759 1553 2824 πλαστὰν
1574 2797 1616 2806 -
1637 2761 1804 2846 μιμηλάνι
1818 2799 1858 2809 -
1886 2763 1927 2827 28
1949 2787 2005 2847 μι-

311 2870 503 2960 μήσασθαι,
526 2894 586 2939 non
610 2875 833 2960 ποιήσασθαι.
857 2910 897 2920 -
922 2873 1026 2948 144,3
1049 2870 1142 2956 άμιν,
1166 2893 1226 2936 non
1249 2871 1363 2955 ἄμμιν.
1386 2907 1428 2918 -
1450 2875 1469 2934 4
1491 2871 1669 2956 γεννάσειν,
1698 2895 1758 2938 non
1779 2873 1940 2954 γεννάσει.
1963 2913 2005 2922 -

313 2980 422 3068 5ούν,
451 3005 511 3051 non
534 2983 580 3051 δέ.
607 3024 649 3032 -
682 2988 701 3050 9
730 2986 869 3050 παιδίον
896 2984 944 3059 έξ’
973 2981 1081 3068 αὐτῆς,
1112 3006 1172 3049 non
1200 2983 1235 3058 έξ
1265 2981 1364 3070 αὐτῆς
1386 2983 1577 3069 παιδάριον.
1600 3023 1640 3032 -
1671 2989 1708 3050 10
1731 2987 1787 3051 καὶ
1808 2988 1917 3065 τούτο,
1945 3007 2005 3053 non

311 3099 417 3163 τούτο.
438 3135 481 3146 -
506 3103 544 3162 14
567 3101 672 3182 φάναι
695 3101 733 3189 τῇ
760 3096 897 3183 Τιμαίᾳ,
921 3115 983 3160 non
1005 3099 1044 3186 τῇ
1071 3100 1198 3180 Τιμαίᾳ
1214 3095 1329 3182 φάναι.
1353 3133 1392 3142 -
1418 3098 1456 3160 16
1478 3093 1580 3162 αύτού
1594 3103 1786 3182 γενομένων,
1808 3120 1866 3164 non
1888 3099 2006 3166 ἑαυτοῦ

313 3203 499 3289 γεγονότων.
524 3249 563 3258 -
591 3212 629 3275 12
652 3211 748 3296 πρός,
776 3231 838 3276 non
861 3211 944 3293 πρὸς
965 3209 1031 3284 τὰς.
1054 3245 1096 3257 -
1121 3211 1159 3274 16
1181 3209 1241 3294 μὲν
1264 3209 1314 3296 δη,
1338 3229 1399 3274 non
1415 3209 1484 3293 μέν.
1507 3247 1548 3256 -
1573 3214 1611 3275 17
1634 3209 1653 3278 ό
1666 3209 1763 3291 Ἀλκ,
1791 3209 1948 3278 οουἍλκ.
1963 3251 2006 3262 -

314 3321 354 3386 24
376 3325 551 3408 προσῆγεν,
574 3345 635 3389 non
658 3325 808 3409 προῆγεν.
832 3363 873 3374 -
895 3323 936 3385 26
958 3323 1027 3399 καί,
1052 3343 1112 3386 non
1134 3323 1190 3386 καὶ
1211 3321 1260 3387 τό.
1283 3357 1325 3369 -
1347 3323 1384 3386 31
1410 3321 1551 3405 βασιλέα
1573 3327 1628 3412 τῆς
1654 3325 1919 3411 Λακεδαίμονος,
1943 3345 2005 3392 non

312 3435 368 3519 τῆς
393 3435 648 3521 Λακεδαίμονος
670 3436 820 3520 βασιλέα.
843 3475 881 3486 -
915 3441 1098 3518 14541ιο1
1120 3441 1400 3529 φνερσιμβροεόν,
1429 3445 1482 3506 sed
1511 3460 1569 3506 ree.
1599 3459 1639 3502 m.
1662 3459 1739 3504 corr.
1769 3437 2004 3524 φθισιμροεόν.

311 3549 394 3610 -7
428 3545 610 3630 βασιλεύει,
645 3571 705 3614 non
735 3550 917 3634 βασιλεύοι.
947 3592 988 3602 -
1016 3557 1035 3620 8
1065 3554 1155 3640 μηδ’,
1185 3575 1245 3620 non
1267 3555 1360 3641 μηδὲ.
1395 3593 1435 3602 -
1468 3555 1639 3630 9τοῦτον,
1668 3573 1729 3617 non
1750 3553 1857 3617 τούτο.
1890 3589 1931 3599 -
1967 3555 2005 3616 10

313 3659 519 3739 Ποσειδῶνα,
542 3683 603 3727 non
627 3663 790 3728 Ποσειδῶ.
814 3705 854 3712 -
880 3669 918 3729 13
941 3679 971 3732 εί
996 3671 1033 3732 16
1059 3668 1285 3750 Λεωτυχίδαν,
1309 3689 1369 3734 non
1395 3666 1619 3752 Λεωτυχίδην.
1642 3701 1683 3713 -
1705 3667 1746 3728 20
1762 3661 1814 3747 ῶς,
1838 3683 1900 3728 non
1921 3659 1949 3730 ὃ.
1964 3701 2006 3712 -

312 3773 353 3835 22
376 3775 507 3839 τοιούτο
529 3775 566 3839 τό
590 3774 626 3838 ἐκ
648 3779 725 3854 τῶν,
748 3796 808 3840 non
831 3775 982 3844 τοιοῦτόν
1003 3775 1074 3844 ίστι
1095 3783 1169 3846 τῶν.
1192 3818 1233 3828 -
1259 3783 1362 3858 146,3
1385 3781 1433 3858 δ’,
1456 3801 1518 3845 non
1542 3780 1589 3846 dd.
1605 3817 1647 3828 -
1668 3783 1687 3842 5
1710 3778 1847 3856 δοκέων,
1870 3798 1932 3842 non
1947 3777 2006 3842 δο-

312 3887 385 3952 κῶν.
408 3927 449 3936 -
473 3887 492 3950 8
515 3883 641 3960 ἑαυτὸν,
664 3909 726 3952 non
749 3887 856 3954 αύτύν.
881 3926 923 3936 -
946 3894 981 3953 11
1007 3893 1060 3969 τά,
1084 3913 1144 3957 non
1167 3895 1223 3958 καί
1239 3895 1290 3958 τά.
1305 3931 1347 3940 --
1373 3895 1409 3958 13
1425 3892 1580 3979 η’δύνανο,
1604 3911 1664 3956 non
1680 3891 1828 3958 ἐδύνατο.
1844 3927 1886 3940 -
1904 3892 1942 3954 16
1958 3889 2005 3964 δέ,

313 4017 376 4062 non
397 3999 442 4064 d’.
464 4035 506 4046 —
538 4002 576 4063 16
599 3999 655 4063 καί
678 4005 855 4080 πταίσασι,
879 4023 941 4067 non
964 4001 1136 4069 πταίσασι.
1170 4041 1212 4054 -
1247 4008 1284 4068 17
1309 4005 1443 4092 δεηθείς
1465 4009 1507 4085 εί,
1531 4025 1590 4070 non
1613 4004 1779 4089 δεηθείσι.
1812 4043 1853 4054 -
1887 4003 1925 4067 21
1951 4003 2006 4066 καί

313 4110 470 4196 καθάπερ
491 4113 565 4196 γὰρ,
589 4132 650 4176 σου
673 4115 831 4200 καθάπερ
852 4113 923 4200 γάρ.
952 4153 994 4164 -
1022 4117 1061 4179 23
1083 4118 1178 4198 μέντ’
1201 4115 1254 4196 άν,
1278 4139 1340 4184 non
1362 4120 1422 4205 μδν
1443 4117 1492 4185 ἂν.
1522 4155 1564 4165 -
1595 4118 1636 4182 24
1658 4117 1773 4194 ταῦτα,
1803 4137 1864 4181 non
1888 4109 2005 4181 πάντα.

311 4259 353 4272 -
373 4225 414 4287 24
437 4221 597 4310 ἁρμονίας
619 4223 639 4310 ἢ
662 4231 821 4312 προνοίας
843 4225 862 4310 ἢ
885 4227 1072 4312 ποιότητος,
1096 4249 1158 4294 non
1180 4224 1352 4317 ἁρμονίας.
1373 4269 1415 4278 —-
1435 4233 1476 4296 26
1499 4229 1683 4316 ἐμβάλλων,
1705 4250 1766 4296 non
1782 4229 1948 4314 έμβαλετν.
1964 4265 2007 4276 -

311 4337 352 4401 26
374 4337 412 4401 τδ
434 4334 625 4421 φιλόνεικον
640 4339 696 4402 καί
712 4337 900 4424 φιλότιμον,
923 4361 985 4406 non
1000 4341 1037 4407 τό
1053 4341 1232 4428 φιλότιμον
1246 4345 1301 4408 καί
1318 4343 1514 4429 φιλόνεικον.
1531 4382 1571 4390 -
1594 4345 1635 4407 27
1658 4365 1734 4408 τινα
1748 4344 1921 4422 γενέσθαι,
1947 4359 2006 4404 non

310 4471 394 4514 τινα.
418 4485 460 4495 -
483 4449 524 4512 29
546 4445 802 4530 άνταγῶνιστον,
827 4473 887 4518 non
911 4451 1141 4536 άναγιύνιστον.
1169 4491 1211 4503 -
1241 4456 1281 4518 32
1307 4461 1461 4542 χαίροντα
1490 4457 1645 4542 ποιῆσαι,
1674 4475 1734 4521 non
1763 4457 1906 4540 ποιησαι
1933 4447 2007 4534 χαύ-

313 4582 420 4644 ροντα.
436 4599 478 4610 -
504 4565 574 4639 147,
591 4563 610 4626 6
626 4561 772 4645 ἔχουσαι,
787 4585 849 4631 non
865 4567 987 4648 έχουσι.
1003 4607 1044 4616 -
1067 4571 1188 4652 Pomp.
1206 4571 1253 4646 111,
1272 4569 1341 4646 188,
1358 4571 1377 4634 6
1394 4571 1482 4654 ΙΙρδς
1497 4567 1543 4648 δὲ,
1566 4589 1628 4633 non
1646 4568 1742 4652 Πρός.
1758 4603 1800 4615 -
1818 4569 1856 4629 10
1873 4565 2006 4650 ἰσχυρόν

314 4667 410 4752 οὕτω,
433 4695 494 4739 non
515 4673 617 4751 οὕτως
644 4677 787 4764 ίσχυρόν.
809 4715 851 4726 -
880 4681 921 4744 23
944 4677 1201 4766 άλυπηρότερον,
1223 4702 1284 4747 non
1307 4679 1519 4765 ἀλυπότερον.
1543 4715 1585 4730 -
1610 4681 1713 4756 189,2
1736 4681 1775 4755 εί,
1798 4697 1859 4743 σου
1876 4671 1940 4742 Ἧι.
1965 4713 2006 4725 -

313 4780 455 4849 4αύτού
481 4807 537 4851 am.
561 4791 582 4866 1,
612 4809 673 4854 non
695 4787 804 4858 αὐτὸν.
827 4829 868 4839 -
893 4794 932 4857 13
955 4797 1121 4878 πειρῶντα
1143 4797 1308 4879 παρέχειν,
1335 4813 1396 4857 non
1418 4797 1574 4877 παρέχειν
1602 4797 1776 4876 πειρῶντα.
1813 4827 1853 4837 -
1885 4793 1925 4854 20
1948 4791 2005 4855 καί

313 4895 432 4974 κίλιον,
456 4915 517 4962 non
545 4903 708 4969 Κεκίλιον.
730 4939 772 4952 -
798 4905 839 4968 25
863 4902 1116 4980 ἀπολείποντος,
1139 4927 1199 4971 non
1221 4903 1456 4982 άπολιπύντος.
1485 4943 1526 4954 -
1558 4907 1660 4982 190,1
1686 4903 2005 4990 έναπομνημόνευμα

313 5031 381 5076 am.
400 5013 412 5076 1
428 5009 503 5076 εὀευ.
519 5033 578 5077 νεα
594 5017 674 5079 rubr.
696 5017 751 5079 καί
775 4995 1065 5103 ἀπομνημόνευμα.
1089 5057 1130 5066 -
1153 5022 1173 5083 2
1194 5021 1299 5095 κακῶς
1321 5019 1426 5100 ἔχοντι
1449 5023 1504 5084 καί
1520 5021 1681 5095 νοσοῦντι,
1705 5040 1768 5084 non
1782 5021 1934 5086 νοσοῦντι
1950 5017 2006 5081 καὶ

312 5127 418 5202 κακῶς
440 5123 556 5206 ἔχοντι.
579 5163 620 5173 -
644 5131 662 5190 5
688 5127 887 5214 Λευκούλλῳ
910 5141 939 5194 εί
962 5133 981 5194 6
1006 5131 1222 5212 Λεύκουλλος,
1253 5153 1313 5198 non
1339 5133 1517 5219 Λευκόλλῳ
1538 5145 1568 5198 et
1591 5131 1788 5208 Λεύκολλος.
1817 5173 1859 5184 -
1887 5137 1926 5198 12
1948 5135 2006 5198 τὸν

314 5247 438 5327 Πομπ.,
462 5257 523 5305 non
545 5241 663 5325 Πομπ.
684 5278 718 5288 -
752 5244 789 5306 14
815 5245 991 5332 Πομπηίῳ,
1013 5263 1076 5309 non
1096 5247 1143 5333 τῷ
1163 5249 1281 5332 Πομπ.
1304 5283 1346 5294 -
1371 5249 1409 5310 17
1432 5241 1501 5331 άμα
1517 5248 1560 5333 τῷ
1582 5281 1624 5294 -
1646 5245 1750 5312 ἔλαθε
1772 5249 1827 5311 καί
1850 5249 1957 5314 omissa
1973 5249 2004 5311 in
