4694 5832
1100 413 1296 478 ..g-

350 611 435 666 tdxtu
445 604 476 666 in
488 621 577 684 ωριτε
588 623 627 667 m.
637 622 696 668 rec.
708 603 789 667 rubr.
800 604 920 668 addidit.
934 639 974 651 —
986 605 1026 666 22
1036 606 1120 687 μέγα
1132 607 1254 688 κίνημα
1264 607 1404 684 γίνεται,
1421 624 1482 670 non
1493 589 1620 685 γίνεταί
1630 609 1712 691 μέγα
1728 611 1856 694 κίνημα.
1874 647 1914 660 -
1934 611 1976 674 23
1991 613 2048 676 ruit

351 712 504 799 όρμήσαι,
517 736 593 780 corr.
604 735 662 779 τοο.
676 717 756 780 rubr.
769 709 862 800 ὁρμή.
875 751 917 762 -
929 716 970 778 24
982 713 1226 792 ἀποσπώντων,
1244 735 1305 780 non
1322 714 1557 784 ἀνασπώντων.
1574 756 1614 764 ·-
1636 720 1677 782 30
1689 715 1801 796 οότως,
1818 742 1877 786 non
1896 718 1989 787 οὕτω.
2005 759 2048 771 -

350 829 456 892 Phoc.
469 829 514 901 lv,
531 831 557 901 1,
573 830 611 890 10
627 823 756 912 ῥήματι,
772 847 833 893 non
851 827 973 912 ῥήτορι.
992 865 1034 875 -
1052 831 1090 892 16
1108 824 1362 907 ἀπολέλειπται,
1381 849 1440 894 nou
1458 826 1690 896 ἀπολείπεται.
1712 871 1754 880 -
1773 835 1813 896 22
1830 835 1965 920 βλαστή,
1984 855 2047 900 non

350 939 486 1024 βλάστη.
497 977 539 986 -
551 940 591 1002 22
603 943 727 1024 μένειν,
740 961 801 1004 non
812 943 912 1024 μένει.
925 976 967 988 -
979 941 1019 1004 28
1031 940 1175 1006 δοκῶσιν
1185 934 1342 1022 εὐτυχεῖν,
1354 963 1416 1006 non
1427 939 1617 1023 εὐτυχῶσιν.
1628 980 1670 992 -—
1682 946 1740 1020 2,5
1753 941 1851 1024 οὕτω,
1863 965 1923 1010 non
1935 941 2047 1022 οὕτως.

350 1089 391 1100 -
404 1053 444 1116 26
456 1047 484 1128 6,
496 1072 556 1118 non
568 1049 611 1118 ολ.
623 1088 665 1099 -
677 1054 764 1117 Gato
776 1055 857 1117 min.
869 1055 914 1128 lv,
931 1053 981 1128 36,
1001 1056 1038 1116 15
1053 1050 1169 1136 λιβύω,
1184 1074 1246 1118 non
1265 1052 1388 1140 Λιβίῳ.
1403 1093 1445 1102 -
1460 1055 1500 1119 23
1517 1057 1617 1136 είχον,
1635 1075 1697 1122 non
1713 1059 1803 1138 είχον
1816 1055 1929 1124 αὐτοῦ.
1944 1095 1987 1108 --
2006 1060 2047 1123 32

350 1161 622 1250 ἀναδεχομένους,
639 1185 699 1232 non
715 1166 1012 1250 παραδεχομένους.
1026 1203 1066 1213 -
1083 1166 1132 1242 37,
1145 1167 1165 1228 2
1180 1163 1376 1244 δύσπιστον,
1393 1187 1454 1232 non
1466 1165 1678 1234 δύσπειστον.
1692 1205 1733 1216 -
1744 1173 1856 1235 Arist.
1873 1173 1907 1246 11,
1925 1173 1994 1246 160,
2006 1174 2047 1236 24

351 1277 401 1355 δέ,
425 1297 487 1343 non
510 1275 555 1342 d’.
587 1313 625 1326 -
658 1280 695 1344 31
714 1275 872 1362 ἀπορίας,
896 1297 956 1343 non
979 1275 1147 1362 εὐπορίας.
1181 1315 1223 1328 -
1259 1281 1359 1354 161,1
1385 1279 1425 1344 τά
1448 1280 1602 1364 μάλιστα,
1625 1299 1688 1346 non
1710 1283 1752 1346 τά
1772 1279 1918 1365 μέγιστα.
1941 1320 1984 1332 -
2007 1285 2046 1346 13

351 1375 516 1468 ἐδέξαντο,
538 1409 600 1454 non
623 1387 825 1464 ἀνεδέξαντο.
848 1427 890 1438 -
912 1390 953 1453 23
976 1385 1089 1474 ἀρχήν,
1113 1409 1173 1454 non
1195 1391 1354 1476 τελευτήν.
1381 1427 1423 1440 -
1450 1394 1490 1456 24
1512 1387 1730 1476 Ἀριστείδας,
1759 1415 1820 1459 non
1843 1391 2047 1479 Ἀριστείδας

351 1502 519 1588 χορηγούς,
541 1539 582 1550 -
604 1503 646 1565 25
668 1505 715 1588 τῷ
738 1499 939 1586 Λυσιμάχου
960 1501 1018 1567 τὸν
1039 1498 1138 1568 αὐτόν
1160 1523 1218 1566 om.
1241 1505 1271 1568 in
1296 1513 1367 1568 text.
1390 1507 1419 1567 in
1443 1523 1532 1586 mgna
1554 1507 1622 1570 add.
1646 1527 1685 1570 m.
1702 1526 1762 1572 rec.
1785 1544 1826 1552 —
1849 1507 1889 1570 30
1911 1507 1961 1582 τά,
1984 1527 2047 1572 non

350 1616 397 1680 τὸ.
421 1653 461 1662 -
484 1615 525 1679 32
547 1611 703 1692 πλούτου,
725 1633 786 1678 non
803 1607 914 1693 λόγου.
936 1651 978 1662 -
1003 1616 1108 1690 1622
1127 1614 1266 1700 δαίμων,
1291 1637 1351 1681 non
1368 1611 1506 1701 Δάμων.
1529 1653 1570 1664 -
1592 1619 1612 1680 2
1635 1613 1686 1682 ότι
1707 1617 1762 1682 καί
1777 1617 1823 1693 τό,
1848 1639 1909 1684 non
1932 1615 1984 1684 ὅτι
1998 1619 2045 1684 τό.

349 1763 392 1776 -
414 1727 493 1796 3τε,
516 1746 577 1792 non
598 1751 644 1807 γε.
667 1763 708 1774 -
730 1731 750 1790 4
773 1723 866 1802 ἀλλὰ,
888 1746 949 1790 non
972 1720 1061 1791 ἀλλ’.
1084 1765 1125 1774 --
1147 1731 1238 1792 Cato
1262 1731 1376 1793 maior
1398 1731 1433 1804 11,
1455 1731 1523 1806 194,
1539 1732 1579 1792 22
1602 1732 1678 1813 βίον
1692 1729 1730 1794 δέ
1749 1730 1805 1794 καί
1820 1729 1962 1806 δίαιταν,
1985 1750 2046 1796 non

350 1837 481 1904 δίαιταν
502 1839 540 1904 δέ
561 1841 617 1903 καί
639 1843 724 1922 βίον.
747 1873 790 1887 -·
816 1841 856 1904 23
879 1839 957 1924 περί
978 1843 1062 1915 τούς,
1085 1859 1145 1904 non
1168 1841 1254 1924 περὶ.
1284 1877 1326 1888 -
1356 1843 1397 1904 26
1419 1839 1631 1926 στρατιώτην,
1654 1861 1716 1906 non
1739 1843 1982 1926 στρατιωτικόν.
2005 1879 2046 1890 -

350 1953 391 2015 29
413 1949 532 2036 δήμου,
556 1972 617 2016 non
639 1951 813 2036 δημοσίου.
836 1991 877 2002 -
900 1952 937 2014 31
962 1969 1067 2034 γνωρ,
1091 1971 1152 2016 non
1175 1952 1213 2017 δέ
1234 1975 1329 2037 γνωρ.
1353 1988 1395 1998 -
1419 1951 1683 2036 195,12ὐγείαν,
1706 1973 1768 2018 non
1783 1952 1920 2034 ύγίειαν.
1942 1991 1982 2002 -
2005 1957 2046 2020 20

350 2063 457 2148 η’θους
479 2064 544 2139 καί,
567 2083 628 2128 non
650 2062 764 2148 ἤθους.
787 2101 829 2112 -
851 2065 892 2128 22
914 2059 1024 2140 αὐτόν,
1047 2084 1109 2128 non
1132 2062 1257 2129 ἑαυτὸν.
1279 2101 1321 2112 —-
1347 2065 1452 2138 196,4
1475 2066 1557 2146 πρὸς
1578 2065 1645 2145 τήν,
1674 2087 1735 2131 non
1759 2067 1852 2151 πρός.
1883 2101 1924 2114 -
1952 2070 2046 2132 dem.

351 2179 386 2252 11,
404 2175 466 2252 1,8
489 2173 576 2252 ὅσος,
599 2196 661 2241 non
683 2173 791 2252 ὅσσος.
813 2211 855 2222 -
880 2177 917 2240 13
941 2177 1033 2258 πρὸς,
1056 2197 1116 2241 non
1141 2175 1249 2260 [an]
1274 2176 1366 2259 πρός.
1391 2213 1431 2224 -
1454 2179 1494 2240 25
1523 2175 1698 2261 Αίμιλίου,
1721 2199 1781 2242 non
1810 2178 1983 2264 Αἰμιλίου.
2006 2216 2042 2226 -

351 2292 391 2353 27
407 2299 546 2375 φυχαῐς,
569 2308 631 2354 non
646 2283 769 2368 τύχαις.
787 2325 829 2334 -
850 2290 886 2363 11,
902 2289 951 2364 39,
968 2291 1008 2352 27
1028 2285 1212 2372 Λίμιλίων,
1235 2307 1297 2352 non
1316 2288 1488 2372 Αἰμιλίων
1509 2301 1539 2354 ει
1554 2293 1598 2353 sic
1612 2301 1792 2356 constanter.
1809 2328 1850 2337 -
1865 2293 1905 2354 29
1921 2288 2048 2374 ὁμωνυ-

351 2405 445 2486 μίαν,
468 2421 530 2466 non
552 2401 755 2485 ἐπωνυμίαν.
776 2437 819 2448 -
848 2401 889 2464 30
918 2397 1065 2484 Μάρκος,
1093 2419 1155 2464 non
1181 2399 1369 2484 Μάμερκος.
1398 2437 1441 2446 -
1470 2401 1508 2463 31
1542 2399 1701 2484 αίμιλίαν,
1730 2421 1790 2466 non
1813 2401 1984 2488 αίμυλίαν.
2007 2440 2048 2451 -

351 2517 402 2591 40,
417 2517 438 2578 4
452 2511 601 2600 ἀνδρίαν,
624 2531 686 2577 non
701 2509 868 2597 ἀνδρείαν.
883 2549 925 2559 -
949 2515 988 2576 10
1004 2515 1211 2597 συνωκίσθη,
1227 2533 1289 2576 non
1303 2509 1499 2597 συνῴκησεν.
1522 2549 1564 2562 -
1588 2515 1626 2578 18
1642 2513 1808 2592 ἐξέλιπον,
1829 2535 1892 2580 non
1906 2512 2047 2589 ἐξέλιπε.

351 2661 392 2674 -
417 2629 456 2691 19
479 2623 625 2710 ἀνδρίας,
647 2645 709 2690 non
731 2621 895 2709 ἀνδρείας.
918 2660 960 2670 -
981 2623 1023 2688 26
1045 2621 1126 2699 ἀπό,
1148 2645 1211 2688 non
1234 2623 1305 2688 ἀπ’.
1328 2661 1371 2672 --
1393 2625 1479 2701 41,3
1501 2625 1606 2702 τοῦτο,
1629 2645 1691 2690 non
1713 2625 1827 2713 τούτῳ.
1850 2665 1892 2674 -
1921 2632 1941 2691 4
1964 2625 2050 2692 ἀλλά

350 2749 422 2814 τοῖς
445 2735 600 2823 ίερεῶσην,
623 2757 685 2802 non
708 2732 793 2800 ἀλλά
815 2737 963 2812 καὶτοῖς
985 2737 1199 2822 συνιερεῦσιν.
1221 2772 1264 2784 -
1286 2740 1306 2800 5
1329 2739 1455 2820 μικρῶν
1469 2733 1533 2810 ἀεί,
1556 2758 1617 2802 non
1633 2743 1767 2824 μικρῶν.
1791 2777 1832 2788 --
1857 2742 1895 2804 16
1909 2743 2047 2818 θυσίας,

351 2869 414 2916 non
435 2853 615 2936 στρατείας.
639 2886 681 2896 -
703 2851 836 2914 Timol.
856 2851 891 2924 11,
908 2849 938 2924 2,
962 2851 980 2910 7
1004 2852 1255 2934 Συρακουσίοις,
1279 2869 1341 2913 non
1363 2853 1616 2932 Συρακουσίους.
1651 2887 1692 2898 -
1722 2853 1752 2916 9.
1775 2847 1954 2928 ἀπέλιπεν,
1985 2871 2047 2916 non

351 2955 547 3028 ἀπέλειπεν.
568 2999 610 3010 -
634 2965 671 3026 11
690 2961 882 3046 πολεμίους,
905 2981 967 3026 non
983 2961 1157 3045 πολέμους.
1172 2998 1214 3008 -
1239 2963 1277 3025 16
1292 2954 1501 3046 καθεστήκει,
1524 2981 1586 3026 non
1601 2961 1824 3048 καθειστήκει.
1846 3001 1888 3012 -
1912 2967 1950 3026 17
1966 2961 2047 3041 ύπά,

352 3095 413 3142 non
436 3075 495 3159 μέν
516 3073 593 3140 dud.
622 3109 664 3122 -
697 3076 738 3138 20
759 3069 998 3158 ἐκβαλλόντων,
1027 3095 1087 3138 non
1115 3071 1329 3156 ἐκβαλόντων.
1357 3111 1399 3120 -
1427 3075 1468 3138 28
1491 3073 1523 3138 δ’
1547 3072 1589 3139 ἀν
1611 3071 1681 3152 οὐκ,
1709 3095 1770 3140 non
1793 3075 1825 3140 d’
1849 3071 1916 3141 οὐκ.
1949 3115 1992 3124 -
2026 3077 2046 3139 3

351 3184 448 3265 ἀλλὰ,
471 3207 532 3254 non
554 3183 639 3252 ἀλλά
661 3189 726 3252 καί.
749 3223 790 3235 -
819 3189 839 3250 4
861 3185 1113 3271 φιλοτύραννον,
1137 3205 1198 3250 non
1219 3186 1468 3270 μισοτύραννον.
1490 3221 1534 3234 -
1556 3191 1574 3250 5
1598 3187 1776 3270 πολεμίων,
1800 3209 1862 3253 non
1884 3189 2047 3274 πολέμων.

352 3337 393 3348 --
412 3301 450 3365 18
465 3299 638 3386 ἐξηλέχθη,
662 3319 722 3366 non
737 3298 930 3384 ἐξηλέγχθη.
952 3335 994 3346 -
1021 3299 1238 3382 Lyc.1,78,5
1262 3293 1301 3363 οὗ
1323 3318 1384 3364 non
1407 3292 1490 3378 οὐγε.
1515 3333 1556 3347 -
1581 3300 1618 3363 12
1642 3304 1831 3384 προφέρων,
1855 3322 1918 3365 non
1941 3319 2048 3386 προσ-

352 3415 472 3498 φέρων.
495 3447 537 3462 -
564 3415 603 3476 14
625 3408 900 3497 βεβουλευκότων,
924 3431 985 3476 non
1006 3410 1297 3494 βεβασιλευκότων.
1330 3447 1372 3456 -
1405 3411 1446 3475 23
1469 3411 1524 3474 καί
1545 3410 1719 3488 τούς-αυτ]
1739 3413 1822 3476 κατά
1835 3413 1920 3488 τούς.
1943 3449 1985 3460 -
2005 3414 2046 3475 27

352 3521 450 3602 οὕτω,
473 3545 535 3590 non
555 3521 666 3601 οὕτως.
689 3561 731 3571 -
752 3525 793 3590 28
816 3521 1071 3608 πειρασώμεθα,
1096 3542 1157 3587 non
1181 3523 1425 3608 πειρασόμεθα.
1441 3559 1482 3570 -
1506 3523 1591 3598 79,3
1614 3525 1720 3601 Σώαν,
1743 3521 1849 3602 Σώου,
1873 3545 1934 3590 non
1950 3523 2045 3600 Σόον,

351 3635 448 3702 Σόου.
464 3673 506 3686 -
521 3639 539 3702 3
563 3633 764 3723 Εὐρυτίωνα,
786 3656 848 3701 non
864 3633 1076 3721 Εὐρυπῶντα.
1098 3671 1140 3682 -
1163 3637 1183 3699 6
1198 3633 1391 3720 διανάσσης,
1413 3655 1474 3700 non
1491 3635 1699 3721 Διωνάσσης.
1714 3672 1756 3682 -
1771 3639 1791 3700 5
1814 3636 1851 3702 δέ
1866 3634 2045 3716 εὐτυχίδας,

352 3769 414 3816 non
429 3749 661 3830 Λιευτυχίδας.
677 3785 718 3798 -
733 3749 752 3812 8
769 3747 1020 3834 ἐθαυμαστώθη
1034 3751 1134 3824 Σῶυς,
1149 3769 1211 3814 non
1227 3747 1431 3833 ἐθαυμάσθη
1444 3746 1534 3823 Σάος.
1551 3785 1593 3796 -
1611 3745 1704 3834 9ἀφ’
1723 3744 1771 3823 ού,
1792 3770 1853 3814 non
1870 3747 1928 3832 ἐφ’
1941 3743 1988 3812 ού.
2004 3783 2046 3794 -

355 3865 390 3928 11
404 3865 506 3936 Σῶυν,
518 3881 579 3926 non
591 3857 686 3928 Σόον.
700 3897 742 3908 -
757 3864 795 3925 12
811 3861 1004 3947 Κλιτορίιιν,
1026 3881 1088 3926 non
1104 3861 1312 3946 Κλειτορίων.
1323 3897 1365 3906 -
1382 3861 1420 3924 13
1433 3857 1642 3944 δορύκτητον,
1662 3881 1724 3926 non
1736 3859 1934 3944 δορίκτητον.
1948 3895 1990 3908 -
2007 3862 2045 3925 13

352 3979 442 4051 πίοι,
453 3994 516 4040 non
527 3977 603 4038 πίοι
615 3975 679 4038 καί.
696 4009 737 4022 -
752 3974 793 4038 22
805 3969 1049 4058 εὐρυτιωνίδας,
1062 3993 1125 4038 non
1141 3969 1407 4058 Εὐρυπωντίδας.
1432 4009 1475 4019 -
1494 3973 1535 4036 23
1554 3969 1722 4058 εύρυτίων,
1740 3991 1798 4036 non
1813 3969 1983 4057 Εὐρυπῶν.
2004 4007 2046 4020 -

352 4087 394 4152 26
405 4086 452 4162 τὸ,
464 4105 526 4152 non
537 4087 592 4172 τῷ.
604 4121 644 4134 -
656 4087 755 4152 Num.
768 4089 790 4162 1,
809 4089 878 4162 117,
897 4088 934 4152 12
943 4082 1041 4152 Ἀλλὰ
1051 4087 1120 4163 καί,
1132 4081 1308 4152 ιιυυἍλλά.
1321 4121 1361 4130 -
1375 4085 1414 4146 13
1426 4083 1609 4166 βιβλίδιον,
1622 4104 1682 4148 non
1693 4083 1836 4166 βιβλίον.
1848 4121 1891 4130 —-
1908 4086 1946 4150 18
1959 4085 2045 4164 γοῦν,

352 4199 447 4265 nond
453 4200 461 4230 ’
472 4195 540 4266 οὖν.
558 4234 600 4246 -
619 4199 660 4262 23
672 4200 811 4276 καὶτῶν,
827 4218 888 4263 non
899 4201 973 4264 τῶν.
993 4233 1035 4244 -
1055 4200 1093 4263 31
1110 4199 1172 4282 μέν
1186 4201 1291 4277 γένος,
1313 4217 1375 4262 non
1389 4199 1481 4276 γένος
1496 4197 1565 4280 μέν.
1588 4233 1630 4241 -
1653 4197 1753 4272 118,5
1768 4195 1858 4276 ἀξια,
1874 4217 1935 4262 σου
1951 4195 2046 4282 ήμετς

352 4309 439 4388 ἀξια.
454 4347 497 4360 -
512 4312 532 4376 9
545 4309 672 4389 νόννας,
687 4330 750 4374 non
764 4309 877 4386 νώνας.
893 4345 936 4360 -
951 4311 970 4373 9
987 4311 1043 4374 καί
1059 4313 1231 4394 πρατίνας,
1247 4329 1309 4374 non
1325 4311 1538 4392 ταπρατίνας.
1554 4343 1596 4356 -
1614 4309 1651 4372 13
1667 4311 1823 4395 ταραχῆς,
1839 4331 1901 4375 non
1913 4313 2043 4393 τροπῆς.

351 4461 392 4474 -
407 4425 445 4488 13
462 4425 552 4510 περί,
568 4443 629 4488 non
644 4422 712 4490 ἐπί.
729 4459 769 4470 -
787 4425 825 4486 17
838 4425 903 4489 τῶν
913 4427 1098 4506 πατρικίων
1111 4422 1171 4508 τήν
1181 4419 1345 4490 ὑπόνοιαν
1359 4417 1535 4506 ἅψασθαι,
1552 4440 1613 4486 non
1624 4422 1693 4486 τιν’
1708 4417 1873 4488 ἀπόνοιαν
1883 4419 2046 4506 ἅψασθαι

351 4539 417 4604 τῶν
438 4534 631 4622 πατρικίων.
649 4571 688 4583 -
711 4537 752 4601 20
768 4534 914 4612 ἑαυτούς,
937 4555 999 4602 non
1014 4533 1133 4612 αὐτούς
1153 4571 1194 4582 -
1216 4537 1236 4600 6
1252 4531 1365 4620 ἄρχειν
1378 4533 1446 4610 καί,
1469 4552 1531 4598 non
1546 4529 1669 4615 ἄρχειν.
1685 4570 1725 4579 -
1751 4538 1789 4597 15
1806 4531 2045 4618 ἀπεργάσηται,

353 4669 415 4714 non
429 4647 662 4734 ἀπεργάσεται.
677 4687 720 4696 -
742 4651 782 4714 24
798 4649 1062 4733 μεσοβασίλειον,
1085 4669 1147 4714 non
1163 4646 1432 4732 μεσοβασιλείαν.
1448 4683 1489 4692 -
1509 4649 1632 4712 Nicias
1654 4649 1703 4720 111,
1722 4651 1748 4722 1,
1763 4648 1783 4710 6
1805 4646 2045 4729 ἐνεργέστατος,

353 4781 415 4828 non
446 4760 689 4848 ἐναργέστατος.
716 4799 758 4810 -
786 4761 940 4847 7μηδέν,
966 4781 1029 4826 non
1056 4759 1160 4846 μηδὲν
1186 4757 1279 4846 η’μᾶς.
1312 4795 1355 4806 -
1390 4761 1429 4822 14
1453 4757 1601 4838 ίχνεύων,
1634 4779 1696 4824 non
1730 4755 1897 4839 οἰχνεύων.
1930 4795 1972 4804 -
2008 4763 2045 4824 15

353 4869 443 4953 ὅλος,
465 4893 528 4940 non
550 4870 643 4952 ὅλως.
664 4909 709 4922 -
729 4875 791 4950 2,1
816 4873 875 4958 τήν
897 4873 998 4938 πόλιν
1013 4873 1179 4958 ἐποίησεν,
1201 4893 1263 4938 non
1277 4867 1416 4957 ἐποίησε
1429 4871 1488 4958 τήν
1503 4869 1613 4936 πόλιν.
1632 4907 1670 4917 -
1687 4873 1706 4934 3
1729 4872 1785 4934 καί
1804 4871 1863 4957 τήν
1884 4871 2045 4936 Φιλίστου

353 4985 527 5052 διάλεκτον
548 4980 702 5054 εὐθύνειν
723 4988 810 5052 omis.
832 5021 874 5034 —-
896 4988 914 5046 7
938 4983 1159 5070 άμιλλήματα,
1181 5005 1243 5050 non
1265 4981 1424 5070 ἀμίμητα.
1449 5021 1487 5032 -
1510 4985 1549 5046 21
1576 4979 1757 5068 Μιλησίου,
1780 5003 1842 5048 non
1861 4985 2045 5068 Μελησίου.

354 5135 396 5146 -
416 5099 458 5162 23
481 5097 525 5172 ἐν,
548 5119 609 5164 non
632 5099 676 5163 ἐκ.
698 5135 740 5146 -
763 5099 848 5174 3,10
871 5098 1088 5182 δημαγωγῶν,
1113 5119 1173 5164 non
1188 5097 1414 5183 δημαγωγοῦν.
1437 5137 1479 5146 -
1504 5099 1538 5158 11
1558 5092 1719 5181 ἀθαρσής,
1741 5116 1801 5160 non
1822 5095 1866 5161 ών
1882 5095 2044 5180 ἀθαρσής.

353 5247 395 5262 -
417 5214 532 5280 Crass.
554 5213 723 5290 111,63,11
753 5207 922 5296 Κράσσου,
951 5229 1013 5276 non
1034 5213 1093 5276 τοῦ
1119 5209 1282 5296 Κράσσου.
1304 5246 1346 5258 -
1376 5212 1415 5272 15
1439 5206 1622 5294 γενόμενος,
1653 5228 1712 5274 non
1734 5203 1917 5294 γενόμενον.
1940 5243 1978 5256 -
2007 5209 2043 5272 17
